1618 2506
650 90 917 124 PRAEFATIO
1338 91 1452 124 XXIII

109 202 204 249 ipsis
240 202 400 250 papyris
437 203 537 238 sunt.
587 202 662 245 Qui
698 203 849 238 textum
885 202 1125 250 quaesiverit
1162 202 1263 239 lectu
1299 202 1449 239 facili«)-

109 273 191 297 rem
223 259 409 297 nimirum
443 260 655 298 secundum
688 273 802 297 usum
838 261 1041 309 vulgarem
1075 261 1181 309 typis
1215 273 1451 309 expressum,

111 332 197 355 eum
234 319 282 355 ad
319 318 518 367 Kenyonis
555 319 767 356 editionem
802 332 903 356 anno
942 320 1052 357 1906
1091 318 1234 357 Oxonii
1270 319 1449 357 emissam

110 377 334 427 delegatum
373 390 454 415 esse
494 378 595 415 volo.
641 378 833 426 Equidem
866 379 966 415 hanc
995 378 1207 415 editionem
1243 391 1375 415 eorum
1412 379 1452 414 in

109 448 225 474 usum
249 437 409 484 confeci,
437 436 502 485 qui
529 449 770 486 papyrorum
796 437 1023 474 testimonia
1049 439 1231 475 accurate
1259 439 1452 474 curarent.

109 495 211 532 Nam
237 496 363 532 multa
389 496 509 532 etiam
534 496 649 533 hodie
676 497 837 544 restant,
864 508 963 545 qnae
990 496 1162 533 nondum
1190 499 1329 533 sanata
1350 498 1452 543 sunt,

108 554 339 602 praesertim
371 555 411 591 in
446 556 622 592 oratione
651 556 788 602 quinta
815 557 854 592 et
886 557 1013 602 sexta,
1046 567 1172 603 neque
1200 556 1354 592 constat
1386 554 1451 591 ad-

109 613 197 660 hue⁷
225 613 352 661 qualis
379 613 419 649 in
446 614 573 662 prima
600 626 714 651 verus
741 614 792 650 sit
817 614 1128 663 fragmentorum
1155 614 1259 650 ordo.
1306 612 1381 650 Sed
1408 615 1453 649 ut

109 684 211 709 nunc
236 672 510 720 imperfectum
536 674 687 710 textum
714 685 906 720 proponO,
940 673 995 709 ita
1023 685 1110 709 mox
1136 673 1218 709 fore
1246 684 1376 720 spero,
1410 674 1453 708 ut

108 731 308 768 renovatis
337 731 506 768 feliciter
538 731 679 768 studiis
706 731 940 780 Hyper-ideis
974 732 1099 768 altera
1126 731 1245 768 editio
1273 731 1452 767 emenda-

108 790 186 827 tior
210 790 312 827 hanc
338 789 611 838 subsequatur.
645 791 754 827 Tunc
780 790 900 827 etiam
927 790 959 827 si
986 790 1044 827 dis
1071 789 1243 837 placebit
1267 802 1384 826 sanus
1406 802 1450 825 ex

107 848 211 886 bello
236 848 276 885 in
303 850 475 897 patriam
499 849 621 886 redux
647 849 785 886 Ericus
809 848 1047 886 Krumbholz
1074 848 1290 897 discipulus
1317 848 1450 896 dispu—

107 907 299 945 tationem
326 920 436 946 suam
464 908 658 955 conficiet,
686 921 803 956 quam
829 908 980 956 pridem
1007 907 1184 944 instituit
1211 907 1256 943 de
1283 907 1450 955 Hyperi-

111 966 170 1004 dis
196 967 332 1016 lingua
359 967 406 1004 ab
434 967 584 1016 optima
613 966 772 1004 Atthide
798 967 938 1004 aliena.

164 1042 210 1097 In
242 1043 414 1093 plagulis
448 1043 686 1093 corrigendis
718 1043 884 1092 benigne
911 1056 971 1079 me
998 1040 1234 1079 adiuverunt
1260 1041 1451 1078 Herman-

105 1114 178 1139 nus
205 1097 481 1139 Mutschmann
508 1105 547 1139 et
574 1101 738 1140 Carolus
764 1102 881 1149 Fuhr,
908 1114 1076 1150 quorum
1102 1101 1204 1138 hunc
1231 1099 1448 1137 dubitando

106 1162 145 1198 et
180 1160 422 1199 admonendo
459 1161 509 1198 ad
544 1162 695 1198 textum
725 1160 1022 1209 perpoliendum
1055 1172 1131 1197 non
1163 1172 1288 1207 pauca
1315 1161 1450 1196 contu-

106 1219 215 1267 lisse,
246 1219 360 1257 illum
391 1232 462 1269 pro
496 1219 637 1257 eximia
669 1232 739 1257 sua
771 1221 969 1257 oratorum
1002 1218 1224 1268 cognitione
1256 1230 1345 1255 cum
1372 1217 1452 1254 alia

107 1277 377 1326 suppeditasse
404 1281 487 1315 tum
514 1278 619 1316 locos
646 1278 853 1315 nonnullos
879 1277 1048 1314 feliciter
1073 1276 1314 1325 supplevisse
1335 1278 1448 1325 grato

107 1336 238 1374 animo
264 1337 460 1385 profiteor.
504 1337 631 1374 Multa
664 1337 783 1374 etiam
810 1336 1038 1386 Sigofredus
1068 1335 1248 1372 Sudhaus
1282 1334 1451 1373 contulit

107 1398 146 1433 et
182 1395 298 1444 plura
336 1408 428 1433 sane
466 1396 711 1444 contulisset,
748 1396 824 1432 nisi
861 1407 930 1443 pro
969 1394 1099 1443 patria
1134 1405 1313 1443 pugnans
1349 1394 1448 1431 occi-

107 1454 237 1492 disset.
283 1454 358 1498 Qui
393 1456 540 1503 quanto
574 1454 705 1492 studio
737 1454 840 1491 hunc
867 1466 1021 1502 quoque
1048 1453 1191 1490 librum
1218 1454 1449 1501 prosecutus

108 1515 171 1561 sit,
210 1514 272 1551 vel
304 1513 393 1551 inde
426 1516 603 1563 apparet,
629 1513 734 1562 quod
759 1513 894 1561 paucis
920 1512 1118 1549 mensibus
1144 1511 1374 1560 priusquam
1401 1510 1450 1547 ad

107 1572 256 1609 bellum
290 1573 614 1622 proficisceretur,
648 1584 736 1609 cum
761 1572 870 1620 ipsae
899 1572 1095 1608 orationes
1121 1571 1239 1619 prelis
1267 1570 1347 1607 iam
1379 1569 1450 1606 du-

107 1630 202 1668 dum
237 1631 447 1669 mandatae
480 1633 625 1678 essent,
664 1630 857 1679 epitaphii
892 1630 1049 1667 initium
1081 1642 1205 1677 usque
1239 1641 1282 1665 eo
1317 1628 1450 1676 despe-

107 1691 237 1727 ratum
259 1703 402 1739 magna
423 1703 466 1728 ex
490 1692 603 1739 parte
623 1689 790 1727 sanavit.
823 1689 898 1726 Per
917 1689 1095 1726 chartam
1116 1688 1219 1724 enim
1238 1687 1334 1724 haec
1354 1686 1451 1723 mihi

108 1750 334 1797 proposuit:

168 1825 273 1873 Epit.
302 1825 420 1863 001.Ι.
467 1827 552 1862 Τῶν
585 1822 653 1874 μὲν
685 1823 810 1875 λόγων
842 1828 919 1861 τῶν
951 1821 1166 1873 μελλόντων
1199 1820 1450 1873 ῥηθήσεσθαι

108 1881 172 1921 ἐπὶ
203 1883 313 1922 τῶιδε
349 1889 415 1922 τῶι
450 1883 576 1933 τάφωι
610 1883 699 1933 περί
729 1897 767 1921 τε
801 1887 870 1920 τοῦ
905 1887 1120 1933 στρατηγοῦ
1155 1879 1220 1918 καὶ
1251 1879 1337 1929 περὶ
1374 1884 1451 1916 τῶν

111 1939 238 1980 ἄλλων
269 1947 345 1980 τῶν
378 1939 456 1992 μετ’
481 1941 631 1981 ἐκείνου
663 1939 982 1991 τετελευτηκότων
1014 1939 1055 1978 ἐν
1083 1945 1150 1977 τῶι
1181 1936 1368 1988 πολέμωι,
1401 1935 1454 1982 ὡς

110 1994 211 2050 ἦσαν
231 1998 371 2053 ἄνδρες
394 1999 552 2052 ἀγαθοί,
579 1997 743 2052 μάρτ[υς
769 1999 884 2045 αὐτὸς
911 1996 930 2036 ὃ
950 1995 1108 2050 χ]ρόνος
1129 1996 1148 2035 ὃ
1172 1992 1323 2051 σ[ῴζων
1344 1995 1453 2034 ἐπαί-

109 2056 202 2110 ν]ῳι
229 2058 296 2105 τὰς
320 2056 509 2111 πρ[άξεις.
638 2056 644 2062 ’

170 2142 216 2179 cf.
242 2142 353 2179 Dem.
379 2142 471 2179 XIV
502 2144 542 2179 1:
580 2140 652 2192 ἐγὼ
692 2137 726 2178 δ’
756 2139 915 2178 ἐκείνων
953 2137 1022 2189 μὲν
1059 2138 1221 2177 ἔπαινον
1258 2137 1325 2176 τὸν
1363 2135 1449 2187 χρό-

110 2214 182 2238 νον
216 2197 386 2252 ἡγοῦμαι
425 2198 621 2252 μέγιστον,
660 2195 706 2238 οὗ
745 2201 889 2237 πολλοῦ
926 2195 1185 2250 γεγενημένου
1224 2196 1336 2247 μείζω
1374 2201 1452 2233 τῶν

111 2253 179 2296 ὑπ’
216 2257 373 2297 ἐκείνων
411 2257 664 2311 πραχθέντων
703 2256 860 2303 οὐδένες
898 2254 1004 2295 ἄλλοι
1042 2255 1351 2307 παραδείξασθαι
1390 2254 1451 2291 ὄε-

112 2316 313 2367 δύνηνται.
