1581 2484
113 76 259 110 XXXVI
471 73 774 108 ARGVMENTA
801 73 1086 108 ORATIONVM

173 185 235 223 Or.
263 185 314 222 II.
352 185 583 233 Lycophron
609 184 750 221 nobilis
777 183 1027 221 Atheniensis
1055 197 1143 221 cum
1168 183 1307 221 Lemni
1333 196 1441 232 prae-

112 245 236 282 fectus
257 245 432 292 equitum
452 244 614 280 tertium
633 244 713 279 iam
736 254 880 279 annum
894 244 1213 289 commoraretur,
1229 241 1443 294 εἰσαγγελία

112 303 259 351 pet-itus
292 304 349 339 est
383 301 487 350 quod
518 301 703 338 feminam
729 300 864 346 civem,
892 313 1061 338 sororem
1088 301 1275 349 Dioxippi
1299 301 1442 339 nobilis

114 361 295 407 athletae,
321 361 456 408 stupro
476 360 691 408 polluisset.
731 359 976 396 Exstiterunt
996 359 1167 409 Lycurgi
1187 359 1286 397 duae
1307 361 1441 397 contra

112 420 409 468 Lycophronem
429 418 624 456 orationes
645 418 717 455 hac
738 417 822 466 ipsa
842 418 882 454 in
902 430 1020 455 causa
1034 418 1208 466 habitae3
1230 419 1296 467 qui
1310 423 1442 455 tamen

114 478 217 526 apud
230 477 469 526 Hyperidem
490 474 508 513 ὁ
528 475 740 526 κατήγορος
755 476 898 513 dicitur
911 478 1056 525 quique
1072 476 1309 527 εἰσαγγελίαν
1324 478 1441 525 scrip-

112 538 174 583 sit,
199 537 232 573 is
258 548 335 573 non
354 535 554 584 Lycurgus
576 537 644 583 est,
665 535 732 572 sed
752 534 898 583 Aristo,
926 536 988 572 cui
1007 535 1208 584 Lycurgus
1230 536 1442 573 advocatus

114 597 153 632 et
177 594 215 631 in
238 594 415 631 contione
437 595 475 631 et
493 594 533 630 in
555 593 699 630 iudicio
720 593 876 631 affuisse
896 593 1062 631 videtur.
1095 594 1255 630 Femina
1275 594 1346 631 illa
1366 594 1442 632 civi

114 653 267 690 cuidam
293 651 523 689 Atheniensi
554 654 677 701 nupta
711 652 852 699 fuerat,
886 653 952 700 qui
977 652 1146 690 moriens
1173 664 1331 689 uxorem
1357 666 1443 702 gra-

112 711 244 748 vidam
277 712 314 748 et
350 712 627 748 testamentum
652 710 824 758 reliquit,
850 711 890 747 in
918 724 994 758 quo
1021 711 1247 758 Euphemus
1272 712 1444 759 postumi

112 773 230 821 tutor,
257 771 427 807 ceterum
453 770 486 806 si
514 769 608 817 quid
634 782 756 817 puero
783 770 845 806 vel
870 770 910 806 in
930 769 1123 806 nascendo
1144 770 1206 806 vel
1225 773 1362 818 postea
1383 783 1442 807 ac-

113 828 281 875 cidisset,
313 830 565 877 cognatorum
599 828 757 876 quidam
789 828 947 865 heredes
980 829 1117 876 scripti
1147 830 1269 865 erant.
1319 829 1444 866 Istum

112 888 192 924 iam
228 898 392 935 puerum
431 888 673 923 accusatores
708 886 847 935 illique
883 886 960 935 ipsi
996 887 1153 936 cognati
1187 886 1442 935 Lycophrone

113 957 248 982 revera
274 946 449 994 genitum
476 957 556 981 esse
584 944 881 983 affirmaverunt
905 945 1024 993 idque
1045 947 1163 993 caput
1184 946 1443 984 accusationis

114 1004 200 1040 fuit.
238 1004 379 1040 Mulier
406 1003 600 1052 Charippo
626 1003 794 1041 secundo
815 1005 956 1041 marito
975 1004 1120 1052 nupsit,
1142 1004 1251 1041 cuius
1272 1016 1358 1042 curn
1378 1005 1443 1042 do-

114 1075 221 1098 mum
253 1061 468 1111 duceretur,
496 1061 791 1110 Lycophronem
826 1063 865 1099 in
898 1064 963 1100 via
990 1063 1039 1100 ad
1066 1075 1150 1099 eam
1177 1063 1380 1101 accessisse
1406 1066 1444 1100 et

115 1123 157 1157 ut
184 1119 298 1157 fidem
324 1120 554 1169 promissam
575 1121 649 1158 sibi
669 1123 842 1159 servaret
860 1121 1060 1158 hortatum
1081 1133 1163 1159 esse
1182 1121 1384 1172 Lycurgus
1403 1123 1444 1159 in

116 1180 294 1216 contione
327 1179 477 1227 pridem
510 1182 704 1229 arguerat.
754 1180 978 1227 Euphemus
1010 1180 1076 1216 ille
1110 1180 1244 1231 κύριος
1270 1181 1443 1218 mulieris

115 1233 299 1288 (fortasse
313 1238 434 1275 frater
446 1233 589 1288 maior)
604 1238 804 1287 putandus
819 1240 886 1275 est.
904 1259 957 1263 -
974 1237 1071 1275 Cum
1084 1237 1322 1290 εἰσαγγελίαν
1337 1251 1444 1276 accu-

115 1297 237 1333 satori
262 1308 411 1344 semper
436 1298 634 1344 impunem
661 1309 741 1334 esse
761 1296 980 1346 Hyperides
1001 1297 1169 1334 affirmet
1188 1294 1231 1349 (§
1255 1293 1339 1349 12),
1360 1310 1445 1335 eam

116 1356 246 1391 autem
258 1354 490 1403 impunitam
501 1356 688 1403 proximis
699 1358 788 1403 post
797 1368 971 1405 pugnam
981 1354 1290 1393 Chaeronensem
1296 1357 1444 1405 tempo-

114 1412 223 1449 ribus
237 1425 313 1449 non
326 1413 406 1449 iam
419 1413 537 1450 fuisse
550 1413 829 1451 Demosthenes
839 1413 984 1462 XVIII,
998 1415 1081 1452 250
1095 1415 1206 1452 testis
1222 1427 1303 1452 esse
1314 1414 1443 1452 videa-

114 1472 191 1517 tur,
212 1483 280 1508 suo
300 1471 382 1507 iure
402 1470 451 1507 H.
465 1471 643 1520 Hagerus
663 1485 699 1520 p.
717 1473 769 1509 68
785 1484 838 1520 sq.
855 1474 945 1509 ante
965 1485 1109 1509 annum
1132 1475 1213 1511 338
1231 1473 1446 1511 orationem

116 1528 292 1565 habitam
307 1540 388 1566 esse
404 1529 599 1566 concludit
614 1525 678 1579 (cf.
695 1530 824 1567 Blass:
845 1530 927 1567 Att.
943 1531 1028 1568 Ber.
1044 1526 1123 1568 ΠΙ2
1138 1533 1175 1579 2,
1188 1545 1224 1580 p.
1242 1527 1446 1584 67—69).

176 1585 238 1625 Or.
265 1582 373 1636 ΠΝ)
406 1587 501 1624 Post
526 1600 697 1636 pugnam
725 1587 1031 1626 Chaeronensem
1059 1589 1187 1638 Oropo
1216 1603 1238 1628 a
1262 1591 1446 1639 Philippo

116 1644 421 1682 Atheniensibus
440 1645 604 1693 reddita,
626 1648 710 1695 agri
731 1646 867 1695 Oropii
887 1648 991 1695 quod
1010 1649 1220 1696 profanum
1241 1651 1324 1686 erat
1343 1651 1447 1686 inter

118 1703 248 1740 decem
273 1703 400 1739 tribus
426 1703 483 1740 ita
508 1703 677 1741 divisum
704 1706 772 1751 est,
798 1707 841 1741 ut
862 1704 974 1743 binae
995 1707 1169 1756 singulas
1189 1709 1321 1755 partes
1342 1710 1445 1745 sorte

117 1760 312 1798 ducerent.
350 1761 565 1810 Aliquanto
599 1765 687 1811 post
719 1762 764 1799 de
796 1765 926 1801 monte
959 1764 1104 1812 aliquo,
1132 1765 1200 1813 qui
1225 1765 1445 1814 Hippotho-

118 1819 242 1856 ontidi
268 1819 596 1868 Acamantidique
629 1820 836 1870 obtigerat,
861 1822 999 1871 religio
1025 1823 1194 1871 incessit,
1220 1837 1267 1861 ne
1293 1824 1325 1861 is
1353 1837 1446 1872 quo-

120 1890 193 1926 que
219 1877 459 1926 Amphiarao
487 1879 580 1915 olim
606 1882 851 1917 consecratus
878 1882 986 1918 esset.
1025 1881 1164 1928 Itaque
1192 1882 1445 1931 Euxenippus

119 1936 224 1972 dives
251 1936 345 1973 civis
372 1949 458 1973 cum
484 1937 631 1974 duobus
656 1938 743 1975 aliis
768 1939 906 1987 populi
925 1940 1034 1976 iussu
1055 1952 1098 1975 ex
1118 1939 1359 1988 Amphiarao
1378 1954 1449 1989 per

118 1994 406 2032 incubationem
439 1995 485 2032 de
519 1996 592 2032 hac
617 2009 657 2032 re
685 1997 904 2034 sciscitatus
931 1997 1123 2034 somnium
1149 1998 1377 2048 ambiguum
1404 2002 1447 2035 ut

118 2051 272 2089 videtur
298 2053 478 2102 quodque
504 2067 574 2101 pro
601 2066 639 2091 se
659 2054 757 2091 duae
776 2055 901 2093 tribus
921 2057 1174 2104 interpretari
1191 2060 1351 2106 possent
1371 2059 1446 2094 ret-

119 2110 223 2147 tulit.
257 2111 403 2148 Tamen
422 2111 656 2161 Polyeuctus
678 2112 897 2161 Cydantida
922 2114 1165 2164 rogationem
1190 2115 1295 2163 tulit,
1314 2117 1359 2153 ut
1379 2128 1445 2153 eae

181 2200 213 2241 1)
239 2198 292 2232 De
327 2199 435 2233 huius
471 2201 646 2234 orationis
682 2203 897 2245 argumento
932 2213 1037 2236 nemo
1071 2203 1287 2248 diligentius
1323 2205 1445 2248 copio-

121 2244 462 2297 siusve-disputavit
482 2258 591 2290 quam
607 2247 832 2292 Comparetti
852 2249 890 2283 in
909 2249 1167 2284 dissertatione
1188 2250 1341 2285 editioni
1357 2262 1444 2285 suae

119 2300 331 2334 praemlssa.
