1618 2506
646 61 915 96 PRAEFATIO
1388 65 1451 98 XV

108 175 174 210 tur
199 172 330 219 XVII,
362 185 529 221 quarum
561 175 693 210 tamen
721 175 893 222 quinque
919 175 977 211 ita
1002 173 1238 212 dilaceratae
1266 179 1375 223 sunt,
1408 180 1451 213 ut

108 234 194 269 tota
224 234 302 269 fere
335 244 425 280 pars
456 232 619 268 inferior
645 232 756 270 desit.
801 232 984 282 Integrae
1011 235 1142 270 autem
1169 246 1269 282 quae
1297 237 1451 272 exstant

108 291 198 328 XIX
226 290 306 328 fere
326 290 557 328 centesimas
578 291 684 328 altae
704 293 744 328 et
765 291 819 327 IX
841 291 1070 329 centesimas
1092 292 1195 329 latae
1217 295 1320 330 sunt.
1355 294 1449 342 Spa-

108 350 165 387 tia
190 362 315 387 vacua
341 351 433 387 sunt
458 349 704 398 singularum
732 350 810 387 fere
837 350 1149 398 centesimarum,
1175 364 1310 401 margo
1337 365 1450 401 supe-

108 408 187 446 rior
214 408 310 445 duas
344 408 423 445 fere
451 407 682 446 centesimas
715 410 843 456 patet,
875 409 1038 447 inferior
1063 411 1274 447 maximam
1301 414 1452 459 partem

107 467 280 505 abscissa
307 469 376 504 est.
415 467 560 504 Versus
586 467 625 503 in
652 467 819 516 singulis
846 469 1002 517 paginis
1029 471 1121 506 sunt
1146 470 1273 506 viceni
1299 470 1451 518 septeni

107 527 306 573 octonive,
338 526 496 563 litterae
527 526 568 562 in
601 538 839 574 unoquoque
866 539 979 564 versu
1007 527 1068 565 vel
1096 528 1255 565 vicenae
1288 532 1451 566 octonae

107 585 170 623 vel
197 585 316 622 etiam
342 584 474 633 plures
500 596 621 633 usque
649 585 697 621 ad
724 587 894 623 tricenas
920 588 1052 623 ternas
1079 587 1141 624 vel
1169 589 1391 635 quaternas.

167 646 408 690 Scriptura.
448 643 595 681 Charta
621 644 794 682 melioris
821 647 937 682 notae
964 647 1034 694 est,
1060 646 1255 694 scriptura
1278 646 1451 695 grandis,

106 702 309 751 angulosa,
336 697 613 753 clarissima¹);
646 715 771 751 neque
799 705 901 740 enim
929 704 1168 753 colligantur
1193 704 1296 742 inter
1322 718 1360 743 sc
1387 705 1452 742 lit-

106 764 232 809 terae,
267 760 334 798 sed
370 774 448 798 una
481 773 659 810 quaeque
692 775 761 810 per
793 774 831 799 se
864 764 1002 800 exstat.
1053 763 1285 812 Magnitudo
1319 777 1451 801 earum

106 821 203 858 satis
236 820 430 868 aequalis,
464 832 701 868 quamquam
735 823 890 870 praeter
917 824 944 857 Φ
971 823 1009 858 et
1035 826 1066 858 Ψ
1093 822 1210 859 etiam
1241 827 1265 859 Ρ
1298 823 1451 873 longius

106 881 176 927 est,
202 878 306 916 infra
329 891 484 916 versum
512 880 615 916 enim
643 880 721 916 alte
748 879 958 917 descendit.
991 880 1038 917 In
1062 880 1195 918 littera
1216 885 1247 917 Δ
1269 884 1307 918 et
1332 883 1451 918 inter-

107 938 198 975 dum
232 938 349 975 etiam
382 937 422 975 in
449 942 476 974 Λ
504 940 543 974 et
569 943 595 975 Α
621 938 762 976 ductus
793 938 941 976 dexteri
966 940 1190 987 paullulum
1217 941 1452 988 prominent,

107 997 331 1034 litterarum
359 1001 388 1033 Μ
418 998 457 1034 et
475 1001 504 1033 Υ
524 997 671 1046 singuli
695 997 833 1035 ductus
860 1010 937 1034 non
964 999 1117 1035 curvati
1143 1002 1246 1046 sunt,
1272 1004 1299 1036 Ξ
1325 1000 1450 1037 tribus

105 1055 229 1093 hastis
250 1055 427 1093 discretis
449 1057 621 1103 exarata,
650 1060 656 1092 Ι
686 1056 725 1092 in
750 1055 865 1093 initio
892 1057 1134 1104 syllabarum
1161 1058 1222 1095 hic
1249 1058 1330 1095 illic
1350 1058 1451 1095 binis

106 1107 262 1163 punctis
289 1117 428 1152 notata
454 1116 522 1153 est.
564 1114 716 1152 Desunt
742 1115 898 1152 omnino
926 1118 1126 1164 accentuS,
1153 1117 1332 1164 spiritus,
1359 1129 1450 1165 apo-

107 1173 268 1222 strophi.

164 1235 392 1270 Versuum
416 1234 661 1277 discriptio.
696 1231 881 1280 Syllabae
907 1232 946 1268 in
967 1232 1042 1269 fine
1063 1245 1246 1270 versuum
1270 1236 1449 1271 accurate

107 1290 354 1328 dirimuntur.
407 1290 645 1328 Coniunctae
684 1290 807 1339 igitur
844 1295 1004 1327 manent
1043 1303 1233 1329 consonae
1276 1292 1449 1340 duplices

107 1350 244 1398 quales
273 1352 365 1386 sunt
391 1359 447 1398 στ,
473 1351 540 1396 σθ,
567 1359 631 1395 σπ,
657 1350 714 1395 κλ,
740 1351 795 1398 χλ,
821 1363 863 1385 m
875 1343 927 1400 2),
960 1349 1199 1387 dirimuntur
1226 1364 1279 1387 υτ.
1306 1365 1365 1401 yn,
1392 1366 1448 1401 ργ.

107 1408 169 1445 Ad
205 1407 437 1456 explendum
472 1419 629 1444 versum
667 1407 836 1457 angulus
872 1407 1092 1445 adhibetur.
1141 1409 1450 1459 Interpungendi
1496 1430 1498 1434 >

106 1467 209 1504 ratio
236 1466 335 1503 nihil
360 1466 480 1503 habet
505 1466 714 1514 peculiare.

167 1528 506 1572 orthographia.
533 1522 848 1574 Orthographica
868 1528 999 1562 autem
1022 1526 1116 1562 haec
1134 1539 1448 1563 commemorem:

166 1583 199 1621 ei
225 1584 492 1633 diphthongus
525 1596 595 1631 pro
623 1601 631 1619 ι
660 1584 777 1634 longa
802 1596 890 1621 raro
917 1587 956 1621 et
981 1586 1251 1622 inconstanter
1279 1585 1448 1633 ponitur.

107 1643 248 1691 Itaque
282 1656 445 1693 γεινεται
477 1642 548 1690 III,
574 1643 596 1679 9
630 1643 775 1691 legitur
806 1643 916 1679 iuxta
948 1646 1128 1693 γινεσθαι
1158 1643 1206 1690 V,
1234 1646 1305 1691 213
1338 1657 1449 1693 υμειν

108 1702 155 1750 V,
178 1703 230 1739 26
259 1703 299 1739 et
323 1704 498 1747 πολειτας
524 1701 608 1749 XV,
632 1703 683 1739 10
710 1701 820 1738 iuxta
845 1701 1040 1739 Χολλιδου
1067 1702 1097 1750 Ι,
1120 1704 1184 1739 24.

166 1774 199 1797 ει
226 1773 297 1808 pro
323 1775 364 1810 ηι
394 1762 560 1809 apparet
591 1761 631 1796 in
664 1773 865 1809 ανειρηκεν
892 1760 922 1808 Ι,
944 1762 1016 1808 253
1049 1759 1082 1798 ἐι
1108 1774 1177 1809 pro
1205 1758 1229 1810 ἧ
1260 1762 1300 1797 in
1327 1760 1449 1797 διατε-

111 1822 245 1865 θεικας
270 1818 338 1867 VI,
362 1821 426 1857 12.

108 1918 243 1952 XIII—
251 1918 367 1960 XVII,
400 1919 550 1952 tertium
576 1918 628 1963 (C)
661 1919 862 1963 imaginem
893 1918 1173 1963 phototypicam
1203 1929 1326 1953 eorum
1353 1919 1448 1963 frag-

108 1967 333 2008 mentorum,
368 1976 464 2010 quae
495 1977 592 2000 nunc
624 1966 834 2000 columnam
868 1965 932 2000 ΧΠ
965 1966 1146 2007 efficiunt,
1185 1967 1357 2008 quartum
1389 1965 1447 2009 (D)

108 2012 293 2056 fragmina
313 2013 495 2057 quaedam
522 2012 847 2057 circumplectitur,
874 2023 969 2056 quae
994 2013 1123 2057 reponi
1148 2013 1221 2047 iam
1248 2023 1322 2047 non
1347 2014 1448 2056 pote-

107 2061 202 2094 rant.
247 2059 301 2094 Ex
332 2059 390 2094 his
422 2071 536 2094 unum
569 2059 761 2094 columnae
795 2059 861 2094 XII
892 2059 1052 2094 feliciter
1083 2059 1240 2093 inseruit
1272 2059 1450 2103 Seymour

111 2107 158 2142 de
184 2107 289 2141 Ricci
314 2106 373 2151 (cf.
396 2107 452 2141 ed.
474 2107 521 2141 ad
548 2106 694 2150 locum).

170 2155 203 2197 1)
235 2153 279 2188 cf.
306 2155 454 2198 praeter
486 2153 685 2188 Revillouti
717 2153 918 2188 editionem
952 2153 1064 2189 etiam
1096 2153 1264 2197 Kenyon,
1296 2152 1448 2187 Palaeo-

109 2200 266 2246 graphy,
291 2200 397 2235 Plate
423 2201 500 2235 XII.

169 2249 203 2292 2)
224 2248 295 2282 Vix
319 2247 436 2293 igitur
459 2249 559 2282 recte
579 2247 689 2291 XVII,
704 2251 724 2281 2
751 2247 789 2281 in
814 2249 957 2282 textum
980 2247 1126 2291 suscepi
1146 2246 1352 2282 Sudhausii
1365 2257 1448 2281 con-

111 2293 289 2328 iecturam
315 2306 410 2338 quae
436 2296 492 2329 est
518 2276 844 2341 [προσενῆιιεκῐται.
