1581 2484
162 54 218 93 46
690 55 971 87 ΤΠΕΡΕΙΔΟΤ

164 162 283 215 ἱερὸν
308 167 385 202 τοῦ
414 162 552 214 δήμου
580 176 640 201 κε-

164 231 398 279 λεύσαντος
422 229 518 285 μηδ’
552 230 599 272 ἐν

162 306 231 353 τῆι
252 300 420 354 Ἀττικῇ
448 302 513 342 δεῖ
535 301 778 354 τεθάφθαι;
799 309 847 344 20
868 317 908 342 τι
934 300 1219 355 ἐργάσασθαι,
1244 299 1335 342 ἀλλ’
1362 317 1404 341 ο-

94 380 142 414 19
164 373 268 412 Ναί·
297 372 419 412 δεινὰ
445 372 526 424 γὰρ
553 371 697 424 ἐποίη-

111 458 142 482 10
164 453 238 482 σεν
263 441 361 494 περὶ
387 442 464 494 τὴν
491 441 667 494 φιάλην7

163 509 290 561 ἐάσας
318 509 583 564 Ὀλυμπιάδα
609 509 654 550 ά-

163 586 366 622 ναθεῖναι
394 583 454 630 εἰς
480 582 527 622 τὸ
555 581 683 632 ἄγαλ-

163 668 219 703 μα
245 658 318 703 τῆς
337 650 529 703 “Τγιείας.
566 657 694 691 τοῦτο

163 723 243 774 γὰρ
270 721 605 774 ὑπολαμβάνεις,

111 810 142 834 15
163 791 345 844 ἐφόδιον
371 790 506 847 ἑαυτῷ
535 792 596 839 εἰς

163 862 239 902 τὸν
264 861 411 914 ἀγῶνα
435 862 482 902 τὸ
510 861 612 902 ἐκεί-

164 947 239 984 νης
265 933 401 984 ὄνομα
427 930 619 984 παραφέ-

163 1017 252 1053 ρων
277 1002 348 1042 καὶ
374 1002 565 1042 κολακεί-

163 1088 215 1112 αν
242 1072 380 1124 ψευδῆ
407 1079 659 1125 κατηγορῶν

111 1160 143 1184 20
162 1141 454 1195 Εὐξενίππου,
481 1148 606 1195 μῖσος

162 1212 232 1252 καὶ
259 1212 396 1264 ὀργὴν
422 1211 538 1267 αὐτῷ
565 1215 662 1252 συλ-

163 1281 301 1331 λέξειν
325 1283 441 1335 παρὰ
466 1289 553 1322 τῶν

163 1352 388 1392 δικαστῶν.
429 1352 495 1391 δεῖ
520 1349 567 1392 δὲ
594 1349 626 1392 ὦ

161 1421 353 1474 βέλτιστε
379 1422 435 1474 μὴ
461 1420 530 1462 ἐπὶ
557 1427 614 1477 τῷ

110 1510 141 1534 25
156 1489 442 1544 Ὀλυμπιάδος
468 1491 565 1532 ὀνό-

160 1578 259 1613 ματι
286 1560 356 1602 καὶ
383 1566 442 1617 τῷ
463 1560 659 1610 Ἀλεξάν-

869 161 977 214 δρου
1004 168 1091 202 τῶν
1110 165 1299 202 πολιτῶν

865 247 963 272 τινα
990 233 1128 284 ζητεῖν
1154 233 1286 272 κακόν
1376 247 1496 272 xxxu

1365 301 1383 314 a
1406 288 1483 320 (xv)

869 387 949 411 ταν
975 369 1132 413 ἐκεῖνοι
1157 371 1265 425 πρὸς
1289 372 1367 412 τὸν

869 441 1007 494 δῆμον
1032 442 1109 482 τὸν
1129 440 1331 494 Ἀθηναί-

833 528 848 553 5
869 527 931 552 ων
956 510 1234 552 ἐπιστέλλωσι
1260 511 1317 564 μὴ

869 582 919 621 τὰ
945 582 1090 623 δίκαια
1115 578 1220 635 μηδὲ
1247 582 1298 622 τὰ
1323 592 1454 635 προσ-

871 654 1042 704 ήκοντα,
1068 653 1161 692 τότε
1188 651 1399 692 ἀναστάν-

868 737 919 762 τα
945 719 1051 776 ὑπὲρ
1079 727 1152 774 τῆς
1176 723 1339 770 πόλεως

868 791 1110 844 ἀντιλέγειν
1135 790 1205 832 καὶ
1231 792 1338 844 πρὸς

815 879 848 903 10
867 863 969 910 τοὺς
994 862 1178 914 ἥκοντας
1202 860 1301 914 παρ’
1333 861 1408 902 αὐ-

867 939 954 972 τῶν
981 932 1354 984 δικαιολογεῖσθαι

867 1000 936 1042 καὶ
964 1003 1024 1050 εἰς
1049 1002 1096 1043 τὸ
1123 1002 1273 1042 κοινὸν
1298 1008 1385 1042 τῶν

861 1070 1080 1125 Ἑλλήνων
1106 1070 1305 1124 συνέδρι-

868 1158 919 1183 ον
944 1142 1211 1195 πορεύεσθαι
1236 1143 1338 1194 βοη-

815 1229 846 1254 15
868 1213 1063 1264 θήσοντα
1088 1218 1158 1265 τῆι
1183 1212 1370 1265 πατρίδι.

866 1284 920 1323 σὺ
949 1281 985 1322 δ’
1019 1282 1105 1323 ἐκεῖ
1129 1279 1208 1334 μὲν
1234 1282 1357 1323 οὐδε-

865 1353 1036 1393 πώποτε
1062 1351 1241 1406 ἀνέστης

867 1421 969 1463 οὐδὲ
996 1423 1127 1474 λόγον
1152 1421 1250 1476 περὶ
1276 1421 1351 1462 αὐ-

865 1499 952 1532 τῶν
979 1490 1179 1545 ἐποιήσω,
1206 1491 1335 1532 ἐνθά-

813 1579 845 1602 20
866 1562 913 1602 δε
940 1561 987 1602 δὲ
1012 1568 1151 1615 μισεῖς
1171 1560 1322 1613 Ὀλυμ-

220 1742 238 1767 6
263 1743 362 1778 ἰἐρον
388 1735 415 1768 Ρ

487 1741 504 1768 8
530 1736 720 1779 τεταφῘναι
747 1734 880 1768 litteris
901 1737 968 1768 θαι
995 1735 1032 1767 in
1058 1734 1223 1778 margine
1244 1734 1392 1769 dextero
1418 1745 1495 1767 ver-

163 1794 221 1815 sus
243 1785 262 1814 8
289 1781 434 1814 additis.
480 1781 567 1815 Posh
594 1795 656 1816 ναι
681 1793 702 1815 a
729 1781 849 1815 scriba
869 1781 1142 1825 interpuncbum
1164 1783 1219 1814 est
1244 1781 1362 1824 spatio
1387 1781 1494 1814 unius

162 1828 307 1862 litterae
338 1839 450 1862 vacuo
485 1827 619 1862 relicto.
672 1828 833 1861 Primum
863 1841 1062 1871 τεταφεναι
1093 1828 1292 1870 exstitisse,
1328 1827 1365 1860 id
1398 1828 1494 1871 quod

162 1875 253 1909 coni.
267 1875 305 1913 P».
332 1886 453 1909 coram
473 1885 613 1919 papyro
633 1875 724 1908 mihi
744 1875 963 1919 persuadere
984 1886 1053 1908 non
1074 1876 1239 1918 poteram
1281 1874 1493 1917 τεθάφθαι·

161 1921 265 1956 δεινὰ
292 1922 379 1955 Βῑὼ,
434 1926 615 1965 ταφῆναι·
649 1921 754 1956 δεινὰ
781 1922 847 1955 Sw.
873 1921 935 1955 alii
989 1927 1169 1965 ταφῆναι’
1203 1921 1248 1965 νὴ
1274 1919 1363 1962 Δία,
1390 1921 1494 1955 δεινὰ

162 1968 222 2003 Cb.
245 1968 332 2002 SW.¹
380 1968 593 2012 τεθάφθαι;
619 1967 696 2003 ναί·
726 1967 830 2003 δεινὰ
850 1968 891 2001 Κ.
908 1969 946 2009 Β,
974 1967 1037 2011 qui
1058 1968 1103 2001 de
1122 1981 1184 2002 ναι
1208 1968 1247 2001 in
1266 1968 1385 2012 figura
1410 1968 1495 2001 sub-

161 2015 329 2049 iectionis
349 2018 522 2059 usurpato
544 2016 686 2049 conferh
706 2027 755 2049 or.
769 2015 828 2057 IV,
849 2027 878 2049 c.
890 2019 920 2057 7,
935 2019 964 2048 ⁶2.
993 2014 1073 2048 Din.
1089 2014 1116 2053 Ι,
1132 2019 1161 2049 7.
1189 2014 1325 2048 Andoc.
1342 2017 1373 2056 3,
1388 2018 1431 2048 26
1447 2014 1492 2047 al.

161 2093 179 2117 9
205 2076 354 2128 δειῗγαρ
375 2085 402 2118 Ρ

161 2145 473 2212 λαὲει>ξανψευδέ1ι
495 2167 678 2200 transfixis
698 2166 831 2201 libteris
853 2179 884 2200 ει
904 2166 931 2199 Ρ

160 2213 283 2246 litssera
309 2227 329 2247 ν
355 2213 567 2247 transfixaP

221 2270 293 2305 Col.
315 2270 457 2305 XXXII.
507 2278 542 2304 12
568 2276 616 2305 τῶ
642 2271 669 2304 Ρ

492 2092 527 2118 13
552 2075 676 2129 υγιειας
695 2085 723 2118 Ρ
771 2085 886 2130 τούτῳ
907 2084 973 2118 SW.

1047 2091 1082 2117 15
1109 2087 1228 2131 σαυτῷ
1244 2084 1304 2118 Cb.
1372 2091 1408 2117 18
1433 2098 1493 2118 κο-

1003 2173 1038 2199 21
1065 2165 1246 2207 συνλέξειν
1266 2165 1293 2198 Ρ
1365 2172 1401 2199 24
1422 2179 1492 2200 των

755 2278 792 2305 20
818 2282 949 2316 μεισεις
975 2271 1002 2304 Ρ
