1592 2506
628 86 897 122 PRAEFATIO
1388 86 1433 120 XI

95 201 285 240 Antonini
311 200 552 249 temporibus
579 212 665 236 eum
694 201 920 249 assignaret.
966 199 1103 247 Neque
1131 199 1233 235 enim
1262 209 1435 235 necessa-

95 262 195 298 rium
224 263 283 298 est
307 259 476 297 indicem
501 259 615 296 illum
641 271 718 295 una
745 272 831 295 cum
858 259 942 306 ipso
969 257 1068 295 libro
1093 258 1313 295 confectum
1342 268 1434 293 esse.

94 321 235 369 Itaque
253 319 301 356 ab
318 318 446 356 indice
462 330 540 355 non
557 317 632 354 nisi
653 319 863 354 terminum
884 316 1055 354 derivari
1075 328 1188 364 posse
1210 317 1300 352 ante
1321 328 1435 364 quem

94 379 193 416 liber
209 378 452 425 conscriptus
471 378 582 423 esset,
601 389 669 414 suo
687 378 769 413 iure
787 377 1027 413 asseveravit
1041 368 1436 425 E.M.'1.*h0mps0n¹)‚

94 438 217 487 ipsius
244 438 374 475 autem
401 435 493 472 libri
519 436 752 483 scripturam
782 436 951 483 primum
971 435 1051 471 fere
1076 447 1108 471 a.
1130 433 1216 471 Chr.
1239 433 1435 470 saeculum

94 496 258 546 prodere
291 495 491 532 iudicavit.
538 494 718 531 Proxime
745 493 911 541 denique
938 493 979 530 F.
1001 492 1044 529 G.
1065 487 1272 544 Kenyon²³)
1306 492 1367 529 vir
1397 491 1435 528 in

95 555 209 593 rebus
238 553 578 604 palaeographicis
605 553 750 601 optime
777 554 954 590 versatus
981 564 1067 588 cum
1094 565 1139 588 ex
1164 551 1259 600 ipsis
1286 550 1436 588 littera-

94 627 183 651 rum
209 613 345 651 formis
370 615 454 650 tum
481 625 525 648 ex
552 612 844 659 comparatione
872 611 1037 647 aliorum
1064 611 1317 657 voluminum,
1344 622 1437 657 quo-

96 687 182 710 rum
214 674 370 720 tempus
403 671 546 708 certius
579 670 731 707 definiri
764 672 936 718 poterat,
970 669 1121 706 librarii
1154 670 1323 706 aetatem
1357 671 1436 705 tam

96 733 192 769 artis
226 730 368 768 finibus
399 730 577 776 inclusit,
609 731 654 766 ut
685 729 840 767 saeculo
873 742 909 777 p.
932 728 1019 765 Chr.
1048 729 1174 776 primo
1205 729 1367 764 exeunte
1395 726 1439 763 li-

97 791 208 828 brum
235 790 497 837 conscriptum
527 800 607 825 esse
634 789 714 824 iam
741 789 835 824 satis
864 787 1074 824 verisimile
1100 786 1292 823 videatur.

156 849 338 886 Alterum
364 848 565 895 volumen,
594 847 698 895 quod
729 846 928 883 deficiente
956 845 1171 883 inventoris
1198 846 1354 881 nomine
1381 856 1439 881 ce·
1502 869 1510 876 -

98 908 269 956 terisque
306 907 351 944 de
386 907 536 956 origine
575 905 881 943 indicationibus
916 905 1165 942 Londinense
1201 904 1441 941 vocaverunt

97 967 265 1005 editores
296 964 410 1014 [Mus.
430 965 527 1003 Brit.
549 964 643 1013 Pap.
662 961 776 1014 134]‚
803 966 842 1001 et
867 976 889 1000 a
916 964 1044 1012 capite
1071 965 1109 1000 et
1135 975 1159 1000 a
1183 962 1258 1000 fine
1285 964 1440 999 trunca-

98 1028 179 1063 tum
207 1027 276 1063 est.
311 1024 495 1062 Continet
522 1026 652 1060 autem
675 1022 885 1071 Hyperidis
911 1020 1006 1059 κατὰ
1030 1021 1270 1059 Φιλιππίδου
1298 1021 1440 1058 oratio-

97 1086 158 1122 nis
177 1086 330 1134 partem
352 1085 565 1121 extremam
587 1083 625 1120 et
646 1082 817 1131 priorem
838 1081 1029 1129 epistulae
1050 1081 1191 1118 tertiae
1212 1079 1442 1117 Demosthe-

99 1144 219 1187 nicae.
258 1143 368 1179 Inter
387 1154 485 1191 quas
508 1142 582 1178 etsi
607 1141 761 1190 largum
788 1141 959 1189 spatium
979 1152 1146 1177 vacuum
1171 1139 1351 1176 relictum
1374 1140 1442 1184 est,

99 1202 345 1240 desideratur
373 1203 505 1238 tamen
532 1202 571 1237 et
602 1200 720 1237 huius
753 1200 958 1248 inscriptio
992 1201 1029 1236 et
1061 1197 1297 1246 subscriptio
1323 1196 1442 1233 illius.

100 1261 157 1298 Ex
189 1259 440 1308 Philippidea
475 1261 604 1296 autem
639 1259 815 1295 oratione
848 1270 948 1306 quae
981 1259 1147 1295 servata
1168 1258 1261 1293 sunt
1294 1255 1444 1304 primus

99 1319 223 1357 edidit
252 1318 293 1356 F.
319 1317 363 1355 G.
390 1317 557 1366 Kenyon
589 1312 742 1368 (1891)
779 1316 968 1353 adiuncta
1003 1315 1141 1353 tabula
1175 1315 1445 1363 phototypica,

101 1391 180 1426 qua
213 1380 408 1415 extremae
440 1376 539 1413 duae
571 1376 777 1413 columnae
809 1375 1058 1422 exhibentur3
1094 1376 1184 1422 post
1216 1373 1444 1421 Kenyonem

101 1436 308 1475 ediderunt
340 1436 380 1472 in
406 1435 576 1472 Batavia
601 1434 655 1472 H.
676 1447 752 1471 van
779 1433 1017 1471 Herwerden
1043 1427 1217 1484 (1891),
1249 1432 1289 1468 in
1317 1431 1446 1469 Gallia

102 1496 150 1533 H.
165 1495 269 1532 Weil
290 1489 456 1546 (1892),
482 1495 522 1530 in
545 1492 755 1531 Germania
781 1492 822 1530 F.
844 1493 957 1530 Blass
985 1486 1150 1543 (1894),
1176 1492 1217 1528 in
1239 1490 1447 1528 Britannia

102 1555 204 1592 idem
229 1555 375 1591 iterum
401 1553 442 1591 F.
464 1551 506 1590 G.
528 1551 692 1600 Kenyon
720 1547 887 1603 (1893).

161 1614 418 1651 Voluminjs
437 1614 473 1648 L
494 1613 749 1657 descriptio.
778 1609 875 1647 Cum
897 1609 1108 1659 deperierit
1128 1608 1338 1646 voluminis
1358 1620 1448 1656 pars

104 1672 223 1721 prior,
250 1684 294 1708 ex
322 1671 499 1709 oratioue
519 1669 769 1718 Philippidea
792 1681 932 1707 novem
958 1670 1113 1705 tantum
1140 1668 1342 1705 columnae
1363 1678 1448 1714 pos-

105 1733 252 1768 tremae
280 1731 319 1767 et
345 1729 568 1777 quindecim
594 1729 815 1778 fragmenta
836 1728 987 1765 maiora
1013 1728 1232 1775 supersunt.
1243 1721 1277 1777 3)
1321 1725 1380 1762 Ea
1406 1737 1449 1761 ex

106 1788 323 1827 minoribus
349 1788 652 1837 composuerunt
679 1789 717 1824 et
742 1787 783 1823 in
810 1786 989 1824 ordinem
1014 1785 1248 1835 redegerunt
1274 1784 1315 1821 F.
1336 1783 1450 1820 Blass

106 1850 145 1886 et
164 1848 206 1886 F.
219 1846 263 1885 G.
278 1846 455 1895 Kenyon,
476 1859 577 1895 quae
598 1845 803 1883 restabant
823 1845 1113 1894 quinquaginta
1131 1845 1209 1881 fere
1230 1843 1450 1891 fragmenta

106 1907 373 1944 minutissima
388 1907 434 1942 ut
449 1905 608 1942 inutilia
626 1906 896 1953 seposuerunt.
916 1924 963 1928 —
981 1903 1128 1952 Papyri
1146 1903 1330 1950 spatium,
1348 1899 1449 1948 quod

108 1966 301 2015 integram
320 1965 509 2001 orationis
526 1966 679 2012 partem
695 1962 880 2010 continet,
897 1961 928 1999 L
946 1963 1025 1999 fere
1044 1961 1274 1999 centesimas
1293 1960 1452 2008 longum

109 2065 214 2141 parte
237 2087 425 2140 addideris
447 2087 685 2130 dextramque
705 2085 842 2119 lineam
863 2085 1033 2119 deorsum
1055 2083 1285 2128 produxeris,
1305 2084 1336 2117 Φ
1356 2064 1454 2125 quod

109 2135 203 2226 dimi)
218 2134 442 2215 lfiagggffbok
467 2181 508 2215 of
531 2179 651 2215 Greek
677 2179 752 2213 and
777 2178 886 2212 Latin
912 2177 1192 2221 palaeography
1218 2188 1252 2221 p.
1270 2180 1348 2210 123.

170 2230 204 2272 2)
230 2228 308 2262 The
322 2227 605 2272 Palaeography
619 2226 659 2261 of
670 2225 789 2260 Greek
803 2225 951 2269 Papyri.
975 2224 1113 2258 Oxsord
1130 2227 1231 2265 1899,
1255 2235 1289 2267 p.
1305 2225 1455 2257 85-88.

113 2275 376 2357 cojgin'l'eabula
401 2275 415 2308 I
442 2274 660 2319 fragmenta,
686 2272 816 2306 tabula
842 2271 874 2305 Il
900 2271 1084 2315 integram
1110 2270 1289 2305 orationis
1315 2271 1457 2314 partem
