1592 2506
615 84 882 118 PRAEFATIO
1374 84 1419 118 IX

78 194 268 247 ἕγραφονε
301 195 452 233 scilieet
482 195 611 233 noluit
642 195 827 233 librarius
859 195 1042 245 τιμωρίας
1074 197 1276 244 tamquam
1309 209 1422 245 gene-

80 255 206 292 tivum
232 267 320 292 cum
345 252 594 304 ἀπηλλάχθαι
620 255 817 303 coniungi.
858 254 902 291 In
929 254 1162 303 quibusdam
1188 255 1283 292 locis
1308 267 1421 303 para-

77 313 250 362 graphus
276 326 354 351 non
379 314 483 350 recte
508 314 639 361 posita
665 313 848 351 cancellis
875 314 1173 362 circumscripta
1199 315 1267 351 est.

136 375 478 418 orthographia.
519 370 834 421 orthographica
860 375 992 410 autem
1012 372 1110 410 liber
1132 372 1227 410 haec
1247 372 1422 410 notanda

78 430 256 481 praebet:

137 503 169 526 ει
202 490 441 540 dipthongus
479 492 518 527 et
557 507 565 525 l
606 490 725 540 longa
763 503 877 539 saepe
916 490 1018 527 inter
1049 502 1088 528 se
1120 489 1422 528 confunduntur.

78 548 204 586 Huius
236 549 389 597 generis
420 550 671 597 reperiuntur
701 563 858 599 μεικρας
885 549 993 586 Dem.
1022 549 1104 596 XV,
1130 551 1167 591 9,
1195 548 1422 600 διατρειβων

78 606 169 656 Lyc.
186 607 294 654 XIII,
310 609 347 654 6,
367 608 536 657 βελτειον
558 608 653 644 Eux.
670 608 789 654 XXV,
808 610 871 654 14,
891 622 1128 659 αφειγμενον
1149 608 1247 645 Eux.
1263 608 1422 654 XXXII,

81 667 153 714 263
187 681 376 716 μιρακιων
404 666 511 704 Dein.
538 667 648 713 XXI,
676 668 741 709 21,
770 669 978 714 οφιλεσθαι
1004 667 1112 703 Dem.
1140 666 1328 713 XXVIII,
1356 668 1423 714 22,

80 727 299 776 ισαγγειλας
318 726 413 762 Eux.
430 725 607 773 XXXIX,
625 728 689 772 11,
710 727 972 775 εκλελιμμεναι
994 726 1090 763 Eux.
1105 725 1222 773 XLV,
1240 727 1305 772 16,
1326 725 1422 772 alia,

79 780 399 835 απογει[νωσκετε
418 784 621 832 Dem.VII,
637 785 660 821 3
683 787 722 821 et
741 796 1098 835 καταγεινωσκομεν
1116 785 1212 821 Eux.
1225 784 1422 833 XXXVII,

80 844 103 880 2
132 844 243 881 iuxta
269 854 550 894 αναγινωσκειν
576 844 671 881 Eux.
694 843 833 891 XXIV,
855 845 920 882 28.

137 903 353 952 gutturalis
373 918 395 953 γ
416 902 614 940 omittitur
633 904 671 939 in
693 916 837 952 γινεται
853 903 947 941 Eux.
965 902 1064 950 XLI,
1082 903 1133 940 18
1157 905 1195 940 et
1215 915 1422 952 γινομενον

79 962 174 998 Eux.
201 961 303 1009 XIX,
328 964 398 1008 11,
433 963 594 1010 ponitur
628 961 668 998 in
703 965 907 1012 γιγινεσθαι
942 962 1051 999 Dem.
1077 961 1296 1008 XXXVIII,
1325 963 1346 998 2
1384 963 1423 998 et

80 1021 176 1059 EuX.
197 1020 321 1067 XXII,
345 1022 408 1059 15.

135 1081 177 1116 in
208 1080 475 1128 ⁴assimilandis
511 1081 690 1117 consonis
726 1079 859 1117 eadem
894 1079 1174 1117 inconstantia:
1212 1078 1422 1127 aliquoties

78 1140 266 1188 εγκλημα,
299 1138 359 1174 bis
383 1140 516 1176 tamen
543 1140 713 1188 ενκλημα
740 1138 941 1185 scribitur,
970 1138 1278 1183 συσκευαζεσθαι
1303 1138 1423 1175 semel

78 1199 117 1235 et
136 1197 255 1234 semel
275 1197 620 1245 συνσκευαζεσθαι,
646 1199 852 1246 praeterea
872 1197 1088 1247 συλλαβων,
1108 1199 1312 1246 συλληψει,
1333 1198 1422 1233 συλ-

78 1258 237 1306 λογους,
266 1258 404 1294 eontra
430 1256 639 1305 συνλεξειν,
668 1267 985 1307 συνκατηγορειν,
1012 1267 1240 1306 συνχωρωνς
1273 1254 1421 1306 εγδιὸο-

78 1329 145 1352 ναι
170 1315 281 1352 iuxta
306 1314 472 1361 εκδοσις,
498 1317 773 1366 εγλειπομενην
800 1315 911 1352 iuxta
937 1316 1211 1364 εκλελιμμεναι.

136 1387 160 1410 ν
177 1374 458 1423 paragogicum
477 1376 567 1411 ante
586 1374 759 1411 vocalem
776 1373 986 1423 diligenter
1006 1373 1179 1422 ponitur,
1199 1373 1424 1421 frequenter

78 1432 198 1470 etiam
231 1435 321 1469 ante
353 1435 650 1480 consonantem,
682 1433 722 1469 in
755 1432 830 1469 fine
863 1432 1060 1470 enuntiati
1092 1444 1136 1469 ex
1169 1432 1332 1469 libidine
1361 1431 1422 1468 vel

79 1490 280 1528 omittitur
304 1491 366 1528 vel
393 1491 562 1528 additur.

135 1549 219 1588 iota
249 1552 403 1587 mutum
435 1550 539 1599 quod
572 1550 716 1587 dicitur
748 1562 901 1587 summa
936 1549 1100 1587 libidine
1132 1549 1194 1587 vel
1226 1548 1424 1586 omittitur

78 1609 141 1646 vel
171 1608 240 1646 ubi
270 1609 399 1646 locum
431 1621 508 1646 non
539 1609 659 1646 habet
690 1609 867 1658 ponitur:
903 1610 1038 1657 ita-que
1071 1622 1328 1659 περιηρημαι,
1363 1622 1423 1656 τη,

78 1669 243 1717 πολεμω,
269 1680 482 1716 rursusque
503 1670 648 1717 πλειωι,
674 1681 853 1718 επιεικηι,
879 1667 986 1717 ηδηι,
1013 1669 1137 1716 αλλαι,
1164 1667 1423 1718 ὃικαστηριαι,

78 1739 181 1777 εγωι,
208 1736 354 1776 ητησωι
380 1727 460 1764 alia
487 1726 680 1764 eiusmodi
707 1727 853 1775 scripta
879 1728 1105 1775 reperimus.

139 1785 302 1834 Signum
334 1780 379 1822 ΖΊ
418 1786 459 1822 in
497 1785 675 1835 margine
714 1785 871 1823 sinistro
910 1787 1115 1823 exaratum
1146 1785 1280 1822 inveni
1311 1784 1420 1823 Dem.

78 1843 222 1891 XXIII,
248 1839 349 1895 16.¹)

138 1906 347 1940 correcta
382 1907 426 1941 et
461 1907 636 1941 omissa.
681 1902 922 1941 Correctoris
957 1915 1117 1940 manum
1154 1902 1254 1940 liber
1287 1902 1422 1939 multis

79 1961 174 1999 locis
202 1963 383 2009 expertus
404 1964 473 1999 est.
508 1961 629 2012 Signa
643 1962 738 1999 haec
752 1964 860 1999 sunt:
881 1961 1045 1999 delenda
1059 1961 1194 1999 littera
1212 1961 1275 1998 vel
1298 1963 1423 1998 ‘trans-

78 2019 213 2070 figitur
231 2020 294 2058 vel
317 2023 462 2069 puncto
482 2021 732 2069 supraposito
753 2022 932 2068 notatur,
959 2021 1104 2058 omissa
1128 2032 1250 2068 supra
1269 2031 1423 2057 versum

80 2090 149 2116 suo
182 2079 267 2117 loco
295 2080 519 2128 apponitur.
566 2079 694 2117 Semel
720 2074 838 2129 (Eux.
867 2080 937 2116 col.
958 2079 1061 2127 XIX,
1085 2073 1128 2129 2)
1154 2081 1262 2115 totus
1288 2090 1423 2116 versus

80 2137 245 2175 omissus
260 2140 299 2174 et
313 2150 432 2186 supra
446 2139 667 2176 columnam
683 2138 859 2175 additus:
879 2137 949 2175 ubi
963 2137 1081 2186 deest,
1097 2140 1187 2175 ante
1202 2137 1424 2175 columnam

79 2218 219 2257 ductus
240 2219 368 2257 brevis
388 2221 578 2258 rotundus
601 2222 639 2258 et
652 2222 742 2268 post
757 2232 843 2257 eam
858 2204 894 2267 Z,
908 2220 980 2258 hoc
996 2222 1054 2257 est
1067 2217 1147 2257 ἅνω
1165 2217 1271 2269 (vide
1286 2215 1423 2269 supra)

81 2294 173 2363 ἶ)
200 2320 246 2354 ef.
272 2319 502 2364 Philippson,
528 2320 622 2354 Mus.
649 2319 765 2354 Rhen.
788 2319 911 2362 LXIV,
934 2322 1036 2362 1909,
1062 2331 1097 2364 p.
1122 2323 1174 2354 11.
