1618 2506
504 116 809 151 ARGVMENTA
837 118 1121 151 ORATlONVM
1316 120 1409 153 XXX
1422 121 1478 153 x‘l!

144 228 269 266 tribus
296 230 470 265 montem
498 228 569 266 deo
596 228 860 276 restituerent,
886 229 1060 277 reliquae
1087 231 1172 267 octo
1200 230 1278 268 illis
1298 231 1481 268 damnum

143 289 364 336 pensarent.
404 288 511 331 Quae
536 289 690 337 rogatio
719 288 766 325 ad
792 288 939 325 iudices
967 288 1098 325 delata
1124 301 1257 326 eorum
1279 291 1481 327 sententiis

145 348 353 395 antiquata
388 347 619 394 auctorique
656 347 868 395 l'olyeucto
904 348 1031 384 multa
1066 348 1174 384 XXV
1209 348 1479 385 drachmarum

143 406 249 443 dicta
282 407 347 443 est.
402 404 661 449 Quamobrem
698 405 820 443 iratus
852 406 919 443 ille
952 406 1199 455 Euxenippo,
1233 407 1294 444 cui
1328 408 1481 455 culpam

144 464 354 511 tribuebat,
381 463 594 516 εἰσαγγελίᾳ
623 476 709 501 eum
736 466 775 501 iu
804 465 991 502 iudicium
1019 465 1231 513 arcessivit,
1259 467 1361 514 quod
1389 479 1411 502 a
1432 467 1481 504 ei-

143 524 251 561 vium
278 523 528 573 quibusdam,
548 523 700 561 duabus
721 537 858 572 nempe
880 524 1070 575 tribubus,
1090 526 1255 573 pecunia
1276 528 1481 573 corruptus

146 583 288 620 falsum
317 582 511 620 somnium
539 582 586 619 ad
613 583 800 630 populum
822 584 1049 620 rettulisset.
1083 584 1316 621 Accusatori
1336 583 1482 632 Lycur-

145 654 229 690 gus,
255 654 320 678 reo
341 641 562 690 Hyperides
589 641 800 679 advocatus
829 642 940 679 affuit
965 642 1182 691 habuitque
1209 643 1309 680 hane
1336 643 1481 680 oratio-

142 713 230 738 nem
262 702 472 749 postquam
507 702 712 738 accusatus
745 701 827 749 ipse
860 701 1038 749 aliusque
1072 702 1234 749 quidam
1269 701 1480 739 advocatus

140 759 260 796 verba
292 759 478 797 fecerunt.
520 759 686 807 Tempus
714 759 1003 808 Comparettius
1036 761 1092 797 ita
1125 760 1313 810 definivit,
1342 763 1382 797 ut
1410 761 1480 797 ali-

141 820 289 867 quanto
322 820 409 867 post
436 818 651 855 Alexandri
677 819 864 867 Epirotae
896 822 1060 856 mortem
1094 813 1214 870 (quae
1242 819 1384 856 accidit
1410 820 1480 856 cir-

141 878 239 914 citer
270 889 304 914 a.
334 872 437 928 330)
471 889 629 914 causam
661 879 790 915 actam
823 890 904 915 esse
932 879 1136 924 statueret,
1164 891 1251 914 cum
1278 876 1481 926 Olympias

141 938 333 985 tanquam
352 936 561 974 Molossiae
576 936 840 985 Dodonaeque
860 937 1067 985 imperium
1088 938 1224 974 tenens
1245 937 1285 973 in
1307 937 1482 974 oratioue

139 997 473 1033 commemoretur.

198 1053 262 1092 Or.
283 1054 350 1091 IV.
384 1054 479 1092 Post
504 1067 678 1104 pugnam
706 1054 1015 1092 Chaeronensem
1042 1067 1255 1103 pacemque
1282 1066 1369 1090 eum
1389 1053 1479 1090 Phi-

139 1114 248 1162 lippo
280 1113 428 1151 factam
460 1125 546 1150 eum
578 1113 821 1162 temporibus
848 1113 1095 1151 serviendum
1122 1115 1233 1160 esset,
1260 1114 1299 1150 et
1325 1113 1364 1149 in
1390 1112 1479 1148 Phi-

136 1172 290 1220 lippum
316 1175 355 1209 et
380 1172 419 1208 in
439 1171 707 1209 Alexandrum
734 1173 910 1220 aliosque
931 1172 1163 1209 Macedones
1183 1172 1396 1208 honorifica
1417 1171 1481 1208 de-

139 1233 246 1268 creta
271 1231 438 1268 Athenis
467 1231 622 1279 perlata
647 1233 752 1278 sunt,
779 1231 920 1279 quibus
947 1244 994 1267 ne
1021 1231 1096 1279 ipsi
1125 1230 1283 1279 quidem
1310 1231 1483 1278 partium

136 1289 389 1338 popularium
422 1290 596 1327 oratores
629 1289 814 1327 obsistere
851 1290 911 1326 vel
938 1289 1146 1327 voluerunt
1172 1289 1233 1326 vel
1259 1291 1482 1337 potuerunt,

140 1349 319 1397 quamvis
351 1348 459 1398 leges
487 1348 677 1396 quaedam
705 1349 759 1385 eis
786 1348 950 1385 decretis
976 1348 1293 1397 infringerentur.
1334 1348 1480 1384 Tamen

140 1420 229 1444 cum
248 1408 461 1444 verendum
481 1409 582 1445 esset
595 1407 851 1444 Macedonum
872 1406 1103 1454 fautoribus,
1122 1420 1170 1444 ne
1189 1405 1372 1457 πρόεδροι
1392 1419 1480 1442 con—

138 1468 269 1514 tionis,
296 1467 363 1514 qui
390 1466 436 1504 de
463 1465 626 1503 decretis
653 1466 732 1503 illis
758 1467 948 1514 populum
969 1467 1011 1502 in
1031 1466 1259 1515 suffragium
1279 1466 1477 1511 miserant,

137 1530 269 1578 γραφῇ
302 1525 513 1577 προεδρικῇ
546 1526 784 1573 peterentur,
812 1525 851 1562 id
876 1526 920 1562 ut
947 1526 1209 1562 anteverteret
1234 1523 1478 1572 Philippides

137 1584 382 1634 rogationem
414 1583 519 1631 tulit,
554 1596 631 1632 qua
662 1583 865 1632 prohedris
898 1595 1040 1621 corona
1067 1582 1358 1630 decernebatur,
1385 1582 1480 1630 quia

136 1655 224 1680 cum
255 1656 406 1681 summa
433 1655 526 1692 erga
551 1643 744 1691 populum
770 1642 924 1681 iustitia
950 1642 1241 1690 secundumque
1267 1642 1370 1691 leges
1398 1654 1479 1677 inu-

135 1714 226 1739 nere
252 1714 321 1739 suo
348 1703 475 1739 suncti
501 1697 678 1753 essenffl)
712 1701 788 1739 Sed
807 1702 897 1738 huic
916 1701 1113 1751 rogationi
1133 1701 1259 1738 altera
1279 1702 1479 1738 oratorum

136 1773 228 1810 pars
261 1760 530 1798 obsistendum
562 1761 724 1808 censuit,
757 1762 858 1798 sieut
890 1760 1044 1798 obstitit
1070 1760 1158 1797 aliis
1185 1772 1353 1808 quoque,
1379 1771 1478 1807 quae

141 1822 181 1857 et
206 1820 322 1856 nimis
349 1821 483 1868 turpes
510 1832 635 1868 neque
662 1821 822 1868 propter
847 1821 1024 1868 tempora
1044 1819 1283 1856 necessariae
1303 1817 1478 1855 videren-

136 1881 211 1915 tur.
249 1878 390 1927 Itaque
416 1884 548 1932 γραφῇ
575 1877 814 1929 παρανόμων
840 1881 977 1915 auctor
1001 1877 1219 1926 rogationis
1238 1876 1386 1924 petitus
1407 1877 1477 1922 est,

138 1939 177 1974 et
209 1937 251 1974 in
285 1937 431 1975 iudicio
468 1950 555 1974 eum
591 1937 659 1974 alii
693 1939 777 1974 tum
809 1936 1029 1985 Hyperides
1065 1949 1151 1973 eum
1185 1938 1477 1972 accusaverunt.

137 1996 280 2033 Aetam
313 2008 395 2034 esse
426 1997 527 2034 hanc
559 2008 717 2033 eausam
749 2008 850 2032 anno
885 1992 1008 2044 336s'5
1036 1995 1172 2043 paullo
1198 1995 1288 2042 post
1312 1995 1477 2029 mortem

136 2054 315 2103 Philippi
339 2068 385 2092 ex
412 2056 482 2092 col.
503 2055 538 2091 V
565 2056 661 2092 satis
687 2057 861 2103 apparet.
893 2054 1090 2091 Nimirum
1116 2053 1188 2089 hoc
1213 2053 1303 2090 vivo
1331 2051 1478 2099 Philip·

137 2113 248 2161 pides
279 2115 526 2163 rogationem
559 2126 670 2151 suam
700 2114 805 2160 tulit,
831 2115 983 2150 mortuo
1011 2114 1139 2149 autem
1166 2123 1226 2148 res
1254 2111 1302 2147 ad
1326 2110 1474 2147 iudices

198 2262 232 2305 1)
258 2261 324 2295 Est
356 2261 425 2295 hoe
458 2260 772 2305 antiquissimum,
805 2259 905 2304 quod
937 2259 1086 2304 quidem
1118 2258 1224 2292 nobis
1255 2258 1384 2292 notum
1417 2256 1474 2297 sit,

138 2307 226 2342 talis
251 2307 536 2342 collaudationis
556 2308 821 2352 prohedrorum
842 2306 1066 2351 exemplum3
1088 2317 1119 2341 v,
1136 2305 1178 2340 U.
1193 2304 1361 2346 Koehler,
1382 2304 1475 2336 Aeta

138 2354 252 2388 Acad.
274 2355 392 2389 Berol.
421 2358 509 2389 1891
537 2367 572 2398 p.
595 2358 672 2389 936.
