1581 2453
138 62 168 95 X
668 57 934 91 PRAEFATIO

140 172 359 220 appictum,
385 171 475 207 ante
500 181 653 206 versum
679 169 807 216 ipsum
833 168 935 205 idem
960 167 1027 204 ille
1053 167 1193 204 ductus
1220 169 1260 204 et
1289 168 1379 215 post
1403 149 1466 213 κᾶ,

140 230 212 267 hoe
238 231 296 266 est
320 227 422 266 κάτω
449 223 555 278 (vide
580 223 714 277 infra),
740 226 929 274 scriptum
954 226 1161 263 invenitur.
1208 225 1334 263 Semel
1360 226 1468 261 totus

140 299 273 324 versus
293 287 401 323 uncis
421 286 591 323 inclusus
618 287 686 331 est,
713 285 830 321 semel
850 284 968 321 etiam
989 286 1179 332 quattuor
1198 295 1330 321 versus
1350 294 1468 331 punc-

140 346 191 382 tis
212 358 327 393 supra
347 345 520 393 singulas
543 344 696 380 litteras
717 343 855 390 positis
875 342 993 379 deleti
1018 344 1117 379 sunt.
1157 340 1467 390 Orthographica

142 405 335 440 corrector
359 415 446 439 raro
478 404 630 439 tantum
657 402 824 438 curavit:
856 400 1017 448 reliquit
1047 400 1196 437 intacta
1227 415 1291 449 tq,
1323 401 1469 446 πλειωι,

142 461 383 511 ὄικαστηριαι
409 461 567 505 similia,
598 460 714 496 semel
740 461 967 509 εισαγγελιαι
992 471 1062 506 pro
1088 460 1318 508 εισαγγελια,
1351 457 1469 494 semel

143 533 267 557 επειτα
292 531 361 566 pro
388 532 547 561 επειται,
580 517 697 554 semel
723 519 956 554 συνειλεκται
988 528 1057 565 pro
1084 518 1319 564 συνιλεκται,
1351 515 1469 553 semel

142 579 354 627 εγκληματα
384 589 453 624 pro
480 578 695 624 ευκληματα
726 576 918 623 reposuit,
951 577 990 611 et
1015 587 1100 611 cum
1127 588 1292 612 επεικεια
1316 587 1470 622 επεικης

142 635 199 672 bis
220 647 295 672 non
316 634 521 683 tetigisset,
547 646 622 670 uno
649 634 733 670 loco
758 634 840 670 iota
861 633 1043 670 omissum
1065 632 1283 681 adscripsit.
1327 632 1470 670 Contra

143 694 182 729 in
204 694 257 729 eis
279 705 378 741 quae
403 692 452 728 ad
476 693 601 740 ipsam
628 691 857 728 sententiam
887 693 1075 739 spectant,
1101 692 1195 729 satis
1221 703 1365 740 magna
1385 703 1469 727 cum

144 751 349 800 diligentia
369 752 546 788 versatus
573 752 639 787 est.
677 749 853 787 Correxit
879 750 980 786 enim
1007 749 1161 786 circiter
1186 751 1339 786 eentum
1366 749 1471 786 locos

143 809 362 856 mendosos,
394 821 517 857 neque
550 821 713 857 usquam
745 808 790 845 de
823 809 1071 846 correctionis
1098 808 1262 845 veritate
1292 807 1471 844 dubitare

142 868 249 915 licet,
284 880 381 915 quae
413 868 561 904 intacta
592 867 751 915 reliquit
783 869 915 914 aperte
950 865 1135 903 mendosa
1166 879 1348 916 magnam
1383 878 1471 914 par-

143 928 218 962 tem
253 925 462 973 repetenda
495 927 585 962 sunt
610 939 633 963 a
657 925 819 973 syllabis
846 925 988 962 eisdem
1016 925 1077 961 vel
1103 925 1204 962 male
1230 925 1385 961 iteratis
1410 924 1472 960 vel

145 984 307 1020 omissis.
345 984 402 1020 Ex
429 983 563 1020 ceteris
588 984 682 1020 haec
708 983 922 1020 describam
950 985 1138 1028 Παινιευς
1163 996 1233 1031 pro
1260 984 1474 1027 Παιανιευς

146 1042 254 1078 Dem.
281 1041 425 1088 XXVI,
455 1043 525 1089 133
560 1055 704 1079 τουτων
739 1054 808 1089 pro
843 1055 981 1079 τουτου
1015 1040 1107 1089 Lyc.
1135 1042 1206 1088 IX,
1236 1043 1276 1088 63
1315 1054 1472 1078 ακουειν

145 1102 309 1136 κελευειν
348 1100 488 1137 omisso
526 1114 589 1136 και
627 1100 717 1148 Lyc.
750 1100 821 1146 IX,
850 1101 921 1148 203
961 1113 1144 1151 μυρρινηι
1180 1112 1250 1148 pro
1289 1101 1474 1150 Μυρινηι

145 1157 235 1205 Lyc.
266 1158 368 1204 XIV,
398 1160 468 1205 263
504 1171 645 1203 αυτους
679 1172 967 1208 υπηρετουντας
1002 1171 1071 1206 pro
1107 1172 1239 1203 αυτοις
1273 1170 1338 1194 vn.
1375 1157 1472 1194 EuX.

146 1216 322 1262 XLVIII,
339 1217 380 1263 93
406 1226 590 1253 εισισασιν
610 1229 679 1264 pro
700 1227 862 1253 εισιασιν
884 1217 978 1254 Eux.
996 1217 1098 1263 XXI,
1116 1218 1186 1263 133
1212 1230 1281 1253 ταν
1301 1228 1371 1265 pro
1390 1229 1473 1253 τοιν

147 1274 240 1311 Eux.
262 1274 398 1320 XXIX,
421 1275 491 1321 283
523 1286 682 1324 ποιησαι
713 1288 783 1323 pro
810 1286 965 1325 πορισαι
993 1275 1154 1322 ibidem,
1186 1284 1473 1323 κοσμησαμενοι

146 1344 215 1380 pro
240 1343 492 1380 ποιησαμενοι
519 1329 603 1383 (ubi
629 1345 715 1370 mox
742 1334 921 1381 sequitur
940 1328 1104 1384 κοσμον)
1125 1333 1221 1371 Eux.
1242 1332 1419 1379 XXXVI,
1437 1334 1472 1378 2,

148 1404 196 1438 ην
228 1403 296 1438 pro
330 1405 369 1438 ηι
395 1391 491 1428 Eux.
518 1391 654 1439 XLVI,
682 1393 746 1428 520.
797 1392 854 1428 Ex
887 1391 1067 1428 correctis
1103 1394 1233 1428 autem
1260 1403 1358 1439 quae
1385 1392 1475 1428 sunt

148 1449 292 1495 scripta
323 1462 376 1484 υπ
407 1449 641 1499 αλεξανδρου
673 1464 741 1486 του
774 1449 811 1495 εξ
845 1464 929 1487 οιου
962 1462 1030 1497 pro
1063 1463 1130 1486 του
1169 1443 1218 1501 είξ
1250 1463 1346 1486 ουου
1378 1449 1475 1486 EuX.

147 1505 291 1552 XXVI,
313 1508 356 1553 43
393 1509 583 1556 πλησιαση
623 1520 693 1556 pro
724 1510 916 1556 πλεοναση
948 1508 1038 1555 Lyc.
1062 1507 1139 1554 III,
1161 1508 1233 1555 263
1266 1509 1477 1557 φιλοτιμως

148 1576 217 1611 pro
251 1566 466 1613 πολυτιμως
497 1565 587 1614 Lyc.
614 1566 727 1613 XIII,
750 1567 820 1616 173
859 1580 945 1603 ουτε
981 1568 1100 1611 εθνος
1133 1579 1203 1614 pro
1240 1568 1477 1611 ουτεθεωνος

149 1621 245 1659 Eux.
272 1621 410 1670 XLIII,
437 1625 477 1671 23
509 1638 553 1660 τα
587 1623 723 1661 παιόια
747 1637 817 1673 pro
844 1624 975 1661 ὃικαια
999 1624 1095 1661 Eux.
1121 1624 1256 1671 XLIX,
1280 1626 1330 1661 21
1343 1624 1374 1660 si
1400 1636 1477 1661 non

149 1679 356 1726 inscitiam,
365 1683 405 1717 at
419 1683 519 1718 certe
534 1682 818 1731 neglegentiam
829 1682 980 1720 librarii
990 1682 1084 1720 satis
1094 1695 1284 1731 superque
1294 1684 1476 1731 arguunt.

208 1739 397 1775 Librarii
423 1744 554 1777 aetas·
593 1740 650 1777 De
677 1743 804 1778 aetate
830 1743 961 1778 autem
986 1741 1078 1778 libri
1097 1741 1137 1778 F.
1159 1741 1271 1778 Blass
1291 1741 1356 1778 vix
1374 1742 1478 1778 recte

151 1794 350 1842 iudicavit,
376 1809 461 1833 cum
486 1798 683 1845 profectus
710 1799 757 1836 ab
778 1800 997 1836 orationum
1023 1799 1160 1847 indice,
1187 1811 1301 1847 quem
1326 1799 1478 1836 cursivo

152 1851 407 1905 seripturae1)
440 1868 578 1904 genere
610 1857 826 1894 confectum
853 1870 934 1894 esse
964 1858 1041 1894 iam
1068 1857 1166 1904 dixi,
1198 1857 1392 1894 Hadriani
1416 1857 1478 1894 vel

213 1987 243 2038 1)
270 1986 322 2021 De
351 1999 421 2031 quo
454 1989 566 2022 etiam
601 1989 710 2024 hodie
739 1991 943 2025 audiendus
972 1991 1093 2026 Blass:
1130 1991 1171 2024 Id
1197 1992 1333 2032 autem,
1358 1990 1480 2033 inquit

153 2034 213 2075 (sc.
228 2033 359 2067 mdicis
373 2035 642 2080 fragmentum),
663 2048 724 2070 eas
739 2038 966 2080 quarundam
981 2037 1189 2072 litterarum
1202 2037 1338 2071 formas
1356 2036 1480 2078 habet,

154 2089 245 2120 quae
271 2079 308 2112 in
335 2082 463 2115 ceteris
489 2081 625 2116 libellis
656 2084 872 2127 papyraceis
898 2086 983 2118 ante
1009 2084 1209 2118 secundum
1234 2085 1319 2127 post
1344 2082 1424 2117 Chr.
1445 2095 1480 2116 n.

154 2125 339 2177 saeculum
370 2127 444 2161 fere
475 2140 547 2162 non
578 2132 808 2173 usurpentur.
852 2130 946 2164 Nam
975 2132 1011 2164 et
1037 2132 1063 2165 Ν
1095 2130 1247 2164 formam
1274 2131 1310 2165 Π
1335 2129 1481 2163 litterae

153 2171 273 2204 induit
304 2174 340 2206 et
363 2175 400 2207 Π
425 2184 504 2208 eam
531 2186 624 2218 quae
650 2177 676 2210 Λ
702 2177 851 2220 propria
876 2177 963 2219 fuit,
996 2178 1033 2211 et
1058 2178 1089 2212 Φ
1115 2177 1206 2210 adeo
1239 2176 1480 2210 deformatum

155 2220 456 2270 amputatumque
488 2223 558 2263 est,
589 2223 632 2255 ut
661 2222 760 2256 haud
791 2223 945 2257 multum
977 2223 1074 2257 inter
1099 2223 1191 2256 illud
1217 2224 1253 2256 et
1279 2222 1427 2266 vulgare
1453 2224 1479 2256 Λ

153 2265 311 2299 inter-Sit:
343 2265 480 2310 quippe
510 2267 540 2301 si
571 2267 678 2302 huius
707 2269 843 2303 formae
869 2269 1039 2313 laqueum
1066 2268 1258 2313 parvulum
1285 2280 1306 2302 a
1333 2269 1482 2302 sinistra
