1592 2506
666 57 934 91 PRAEFATIO
1389 56 1470 90 XIII

129 173 188 209 est
214 171 330 218 atque
362 171 403 206 in
430 170 627 206 volumine
655 169 706 216 A,
740 169 813 206 nisi
841 169 945 217 quod
978 168 1247 218 paragraphus
1275 168 1468 205 interdum

127 228 394 267 rotundiorem
422 229 586 265 formam
614 228 733 265 habet
758 228 875 265 hanc:
901 254 950 266 ψ.

187 295 530 339 Orthographia.
569 292 682 329 Addo
708 293 802 329 haec
829 291 1152 341 orthographica:

188 363 200 388 ῐ
226 352 387 401 longum
414 351 646 400 plerumque
673 365 704 388 ει
732 351 917 388 scribitur
943 352 1079 399 estque
1106 350 1241 398 aliqua
1267 351 1306 387 in
1333 351 1405 388 hac
1431 362 1470 387 re

130 412 371 457 constantia,
404 422 645 459 quamquam
677 412 886 447 occurrunt
919 409 1038 447 etiam
1070 411 1272 458 υπιληφας
1306 408 1351 456 V,
1375 410 1398 445 8
1434 411 1473 446 et

127 483 232 508 εκινο
263 469 309 516 V,
339 471 409 517 103
448 479 841 520 αναγεινωσκομενων
873 469 950 516 III,
978 468 1001 504 8
1038 469 1148 505 iuxta
1183 478 1472 518 avocytyvoeouo-

132 542 261 578 μενων
286 528 352 576 ΙΧ,
375 530 409 565 3.

187 587 347 636 Semper
373 586 492 624 etiam
520 597 756 637 συγγυωμιμ]
777 586 961 623 scribitur
981 588 1019 623 et
1045 596 1294 635 συμφεροντα
1314 586 1472 633 aliaque

128 647 168 683 id
195 658 315 696 genus
342 658 429 683 cum
458 645 741 682 assimilatione
769 646 807 682 et
832 645 949 682 semel
977 646 1095 681 etiam
1122 660 1174 694 αμ
1201 659 1252 694 μη
1276 644 1383 691 VIII,
1406 647 1471 681 11.

188 726 210 748 v
236 711 519 760 paragogicum
546 722 669 758 paene
696 711 922 746 constanter
948 709 1119 746 additur.

185 777 268 813 iota
288 778 441 812 mutum
461 775 628 823 saepius,
653 776 884 822 praesertim
906 775 945 810 in
967 773 1238 821 coniunctivis⁷
1262 774 1472 820 omittitur,

127 834 286 871 additur
304 846 444 883 parum
464 836 566 871 recte
587 834 627 869 in
649 844 820 882 μετεστηι
841 833 870 880 Ι,
886 835 933 870 11
958 840 995 869 et
1016 835 1258 883 μακρολογωι
1278 832 1386 880 VIII,
1404 834 1468 869 23.

187 902 408 936 correcta.
442 898 573 935 Foeda
600 900 730 935 autem
753 894 853 935 vitia
872 898 1017 934 vitavit
1043 897 1238 944 librarius,
1265 910 1377 945 quem
1405 897 1471 934 ho-

126 958 270 995 minem
303 957 424 995 fuisse
455 956 615 994 minime
648 957 801 1005 rudem,
835 955 899 993 sed
933 958 970 993 et
999 956 1202 994 scribendo
1228 956 1341 993 valde
1368 968 1472 993 exer-

127 1016 293 1054 citatum
336 1029 462 1065 neque
497 1029 518 1052 a
554 1015 698 1052 litteris
731 1015 901 1052 alienum
938 1015 1052 1051 Blass
1091 1027 1160 1052 suo
1195 1016 1279 1051 iure
1322 1027 1472 1052 asseve-

126 1076 241 1120 ravit.
282 1074 357 1112 Sed
382 1074 485 1112 idem
514 1076 704 1112 erravisse
731 1074 940 1123 putandus,
967 1086 1052 1110 cum
1080 1073 1138 1110 bis
1165 1086 1296 1111 coram
1322 1086 1472 1122 papyro

126 1146 284 1171 manum
312 1129 602 1182 deprehendere
629 1133 703 1170 sibi
730 1133 938 1171 videbatur
964 1133 1046 1170 eius
1072 1133 1252 1179 similem,
1280 1145 1377 1180 quae
1399 1132 1472 1169 De-

126 1194 340 1230 mosthenis
367 1192 578 1241 epistulam
606 1191 848 1241 conscripsit.
884 1191 1075 1239 Equidem
1096 1191 1213 1228 huius
1233 1203 1371 1228 manus
1393 1203 1472 1228 cer-

126 1254 210 1289 tum
243 1252 405 1300 aliquod
437 1251 648 1300 vestigium
682 1251 830 1287 frustra
863 1250 1050 1298 quaesivi.
1095 1250 1233 1298 Neque
1265 1252 1396 1287 tamen
1424 1249 1473 1287 ab

127 1310 216 1359 ipso
248 1310 412 1347 librario
444 1312 595 1347 textum
621 1309 872 1346 emendatum
900 1321 981 1346 esse
1008 1321 1092 1346 cum
1121 1309 1210 1346 aliis
1236 1309 1332 1346 locis
1360 1303 1410 1359 (e.
1438 1322 1471 1358 g.

128 1368 261 1415 col.V‚
283 1364 328 1421 8)
356 1371 438 1406 tum
464 1368 619 1415 col.VI,
640 1369 664 1404 4
692 1368 849 1405 videtur
874 1368 1127 1416 conspicuum
1154 1379 1256 1414 esse,
1285 1366 1353 1403 ubi
1379 1367 1474 1405 hacc

126 1457 278 1494 inveni:
292 1495 319 1515 l
335 1432 704 1524 ὲᾷῑᾲΛΑἵΑΝΤΕΕ
732 1455 889 1493 Scilicet
907 1456 974 1504 qui
993 1455 1160 1493 correxit
1176 1456 1331 1492 litteras
1346 1460 1473 1492 ΠΑΡΑ

129 1544 408 1594 superscripsit
433 1547 473 1582 et
498 1547 633 1582 notam
660 1544 699 1580 in
726 1544 901 1594 margine
928 1538 1124 1595 addiditl)
1151 1555 1195 1580 eo
1222 1543 1402 1590 consilio,
1431 1545 1475 1580 ut

127 1615 262 1641 vocem
289 1607 354 1642 ΟΥ
380 1604 524 1641 falsam
551 1615 633 1641 esse
658 1603 862 1640 indicaret.
905 1602 1045 1650 Itaque
1073 1603 1192 1639 etiam
1220 1603 1368 1640 ceteras
1393 1602 1472 1650 ple-

128 1675 269 1712 rasque
296 1662 587 1700 emenda-tiones
613 1662 705 1699 huic
732 1661 941 1699 correctori
968 1661 1174 1699 attribuas.
1215 1660 1316 1698 Sunt
1341 1663 1473 1698 autem

128 1734 240 1759 rarae
268 1723 306 1759 et
332 1722 485 1771 generis
512 1721 689 1758 consueti
717 1723 755 1758 et
780 1723 861 1758 tam
890 1723 1070 1758 accurate
1096 1721 1244 1769 factae,
1269 1722 1315 1757 ut
1342 1721 1474 1768 aperte

129 1780 318 1818 mendosa
354 1783 510 1829 praeter
543 1777 592 1817 ἂν
624 1781 813 1818 omissum
847 1779 918 1817 col.
938 1779 1011 1827 VI⁷
1040 1781 1089 1816 21
1126 1779 1236 1816 nulla
1267 1779 1475 1816 videantur

131 1838 270 1876 relicta
296 1851 389 1876 esse.

188 1900 382 1935 Librarii
407 1902 541 1935 aetas.
580 1897 764 1935 Aetatem
791 1897 959 1945 denique
985 1897 1101 1934 huius
1126 1896 1336 1934 voluminis
1360 1896 1473 1932 Blass

131 1968 220 1993 cum
253 1969 297 1993 ex
329 1956 554 1993 litterarum
586 1956 834 2005 quarundam
864 1957 1001 1993 formis
1032 1952 1160 2007 (velut
1192 1960 1218 1991 Α
1244 1957 1282 1992 et
1311 1949 1357 2005 Ξ)
1389 1957 1474 1991 tum

131 2013 239 2062 inde,
278 2015 383 2064 quod
415 2028 448 2052 ει
478 2028 548 2064 pro
583 2026 594 2050 Ξ
627 2027 780 2063 semper
810 2015 890 2052 fere
922 2015 1110 2063 scriptum
1148 2016 1217 2061 est,
1249 2014 1306 2050 ita
1340 2012 1474 2050 defini-

131 2074 202 2122 vit,
225 2076 270 2111 ut
291 2075 392 2111 circa
412 2073 583 2123 Augusti
602 2074 665 2111 vel
685 2073 832 2110 Tiberii
851 2075 1029 2120 tempora
1049 2072 1254 2109 librarium
1275 2071 1474 2120 scripsisse

195 2198 228 2240 1)
255 2195 307 2230 De
333 2197 403 2230 hac
429 2198 518 2231 nota
544 2197 702 2242 margini
729 2196 879 2231 sinistro
906 2196 1058 2240 appicta
1084 2195 1130 2231 cf.
1152 2195 1359 2229 Philodemi
1380 2194 1474 2236 Περὶ

133 2241 349 2286 οἰκονομίας
373 2243 429 2278 ed.
450 2244 586 2278 Jensen
605 2256 641 2288 p.
656 2243 721 2277 XII
742 2246 779 2278 et
799 2243 962 2277 eiusdem
983 2243 1076 2285 Περὶ
1097 2242 1208 2287 ὀργῆς
1227 2242 1281 2276 ed.
1304 2240 1474 2276 C.Wilke

134 2289 233 2333 p.V;
261 2289 423 2332 Cronert,
450 2290 584 2325 Archiv
609 2291 668 2324 fiir
692 2289 1064 2335 Papyrusforsehung
1088 2289 1101 2323 1
1129 2302 1163 2334 p.
1179 2294 1256 2323 534.
