1581 2484
125 101 303 135 XXXVIII
480 97 779 132 ARGVMENTA
807 95 1092 130 ORATIONVM

122 213 252 250 delata
277 206 381 262 estl)
428 209 572 246 Similis
606 208 826 256 argumenti
858 207 983 244 oratio
1010 206 1221 255 Hyperidis
1248 205 1342 244 κατὰ
1369 208 1449 254 Δη-

122 271 246 320 μάδου
277 269 365 317 fuit,
398 281 496 316 quae
524 268 610 303 acta
637 268 694 303 est
719 265 902 313 Philippo
929 266 1132 302 etiamtum
1160 267 1249 303 vivo
1276 266 1315 302 et
1341 264 1445 302 dicta

121 330 305 367 adversus
320 326 503 364 Demadis
523 326 765 374 rogationem
779 324 899 371 illam,
916 336 993 372 qua
1006 324 1242 372 Euthycrati
1257 323 1445 371 Olynthio

119 388 284 425 honores
317 384 459 423 decreti
492 385 611 420 erant.
657 383 714 419 De
740 381 961 430 Philippide
987 381 1050 419 vix
1077 382 1288 430 quicquam
1313 383 1450 418 notum

121 445 223 494 quod
248 457 324 481 non
350 444 389 480 in
408 443 480 480 hac
501 442 675 478 oratione
696 441 757 478 vel
778 441 903 477 exstet
922 441 985 478 vel
1006 440 1200 478 exstiterit
1219 435 1272 491 (v.
1294 440 1343 477 ad
1362 440 1450 476 init.

119 517 171 540 or.
198 504 302 540 locos
328 495 551 551 Athenaei).
592 499 715 536 Valde
742 499 924 536 mutilata
958 498 1006 535 ad
1039 511 1108 536 1100
1134 500 1330 547 pervenit,
1356 510 1446 535 nam

120 562 191 599 etsi
226 562 382 609 longam
416 571 499 596 eam
525 571 602 596 non
628 558 746 595 fuisse
771 558 811 594 in
837 559 923 606 ipsa
949 552 1038 609 (001.
1064 557 1172 605 VIII,
1202 559 1255 594 20
1271 551 1373 608 sqq.)
1401 558 1449 594 si-

120 620 335 669 gnificetur,
362 619 506 666 quippe
527 629 627 665 quae
647 628 725 652 una
746 629 790 652 ex
812 616 1074 664 compluribus
1094 616 1134 652 in
1156 615 1320 652 eundem
1340 628 1448 652 reum

120 678 263 715 habitis
297 677 426 722 fuerit,
461 678 592 712 tamen
627 675 689 712 vel
722 674 842 722 triplo
878 675 939 712 vel
976 674 1195 723 quadruplo
1228 674 1447 723 longiorem

120 749 236 784 quam
261 747 362 772 nunc
388 736 446 772 est
469 734 589 770 fuisse
616 733 780 771 videtur.
822 733 880 770 Ne
906 733 1112 781 inscriptio
1140 732 1294 780 quidem
1321 734 1448 770 exstat

117 796 320 842 ipsumque
359 794 416 830 rei
456 804 594 829 nomen
634 791 788 829 nonnisi
826 804 869 828 ex
903 793 1015 839 parte
1050 794 1246 829 servatum
1285 793 1342 828 est
1376 791 1448 828 001.

120 853 273 900 IV‚14;
304 864 428 899 neque
459 852 590 887 tamen
622 850 793 887 dubitari
825 852 955 898 potest
982 862 1062 887 esse
1090 850 1137 886 ab
1164 849 1311 887 editore
1338 849 1445 898 prin-

120 911 202 959 cipe
223 912 261 947 et
279 910 350 947 hoc
368 911 471 946 recte
492 909 717 946 restitutum
738 911 775 945 et
796 909 1011 946 orationem
1031 908 1223 957 Hyperidi
1242 907 1444 955 tributam,

119 970 226 1006 cuius
246 969 362 1005 fuisse
384 968 597 1005 orationem
611 965 706 1004 κατὰ
724 967 961 1004 Φιλιππίδου
978 967 1201 1004 Athenaeus
1216 967 1303 1013 XII,
1320 967 1401 1004 552
1413 966 1448 1003 D

119 1028 230 1065 testis
257 1029 323 1064 est.

177 1085 240 1123 Or.
254 1085 300 1122 V.
327 1085 598 1133 Athenogenes
612 1084 827 1132 inquilinus
842 1084 1103 1132 Atheniensis,
1118 1082 1276 1121 natione
1291 1083 1447 1132 Aegyp-

120 1146 214 1191 tius,
249 1145 406 1191 praeter
443 1144 566 1179 artem
603 1141 850 1194 λογογράφου
889 1142 1188 1192 unguentariam
1227 1142 1446 1190 antiquitus

121 1201 321 1239 exercebat
345 1201 589 1249 habebatque
614 1203 654 1238 in
675 1201 758 1238 foro
779 1201 960 1238 tabernas
980 1200 1260 1251 unguentarias
1280 1202 1370 1238 tres.
1404 1201 1451 1237 In

121 1273 286 1309 quarum
317 1272 394 1297 una
426 1272 579 1297 servum
612 1272 724 1296 01111111
756 1259 903 1296 Midam
935 1261 1193 1298 constituerat
1224 1260 1449 1308 procurato-

122 1331 212 1366 rem,
248 1318 309 1356 eui
347 1320 457 1355 erant
490 1318 562 1354 filii
596 1320 674 1355 tres
711 1317 992 1355 adulescentuli
1026 1319 1198 1366 puerive.
1241 1318 1327 1354 Iam
1362 1330 1450 1354 cum

120 1376 368 1413 Atheniensis
395 1376 565 1424 quidam,
592 1377 654 1413 cui
675 1376 876 1424 Epicrates
904 1389 1042 1413 nomen
1068 1378 1187 1414 fuisse
1213 1375 1370 1413 videtur
1396 1371 1450 1427 (v.

124 1435 194 1471 col.
219 1434 285 1481 XI,
308 1429 393 1484 17),
424 1434 537 1471 homo
571 1446 693 1481 neque
727 1434 834 1471 dives
866 1447 991 1482 neque
1019 1436 1184 1483 sapiens,
1211 1436 1251 1471 in
1279 1447 1450 1472 amorem

123 1492 234 1540 pueri
264 1492 335 1528 filii
365 1492 493 1528 Midae
524 1492 723 1529 incidisset
757 1505 919 1540 euinque
955 1492 1002 1529 ab
1035 1493 1289 1541 Athenogene
1325 1505 1450 1530 emere

123 1550 368 1588 vehementer
393 1551 561 1598 cuperet,
586 1550 652 1586 ille
679 1562 757 1598 qua
778 1552 860 1587 erat
880 1551 1028 1588 astutia
1047 1551 1281 1599 adiutusque
1302 1551 1350 1588 ab
1371 1550 1450 1587 An—

123 1610 258 1658 tigona
283 1609 483 1645 meretrice
509 1608 703 1645 hominem
730 1610 819 1656 post
838 1609 983 1646 multas
1003 1610 1270 1646 contentiones
1292 1609 1448 1647 dilatio-

122 1678 265 1714 nesque
292 1679 335 1703 eo
360 1679 483 1714 usque
509 1667 694 1715 perpulit,
720 1669 764 1704 ut
784 1678 870 1703 cum
891 1669 1038 1705 amasio
1059 1668 1176 1705 etiam
1197 1669 1351 1716 patrem
1371 1668 1448 1705 fra-

123 1727 277 1773 tresque
303 1725 384 1762 eius
410 1737 495 1761 cum
521 1726 606 1772 ipsa
631 1725 793 1762 taberna
820 1738 982 1774 aereque
1010 1726 1112 1774 quod
1138 1726 1302 1763 debebat
1323 1726 1451 1771 Midas

124 1783 250 1820 alieno
278 1783 380 1820 iusta
401 1783 594 1831 emptione
615 1783 681 1819 XL
700 1784 816 1820 minis
838 1785 1064 1832 acquireret.
1098 1784 1295 1828 Quantum
1317 1786 1449 1822 autem

123 1840 326 1878 deberetur
351 1842 461 1889 aeris,
489 1854 611 1889 neque
636 1842 881 1890 praedixerat
901 1843 1173 1892 Athenogenes
1200 1856 1323 1892 neque
1344 1855 1448 1891 emp-

123 1898 185 1935 tor
214 1899 381 1936 multum
414 1901 629 1944 curaverat,
660 1900 725 1937 sed
757 1903 965 1949 postquam
998 1914 1043 1938 ex
1075 1903 1248 1951 agricola
1274 1915 1448 1951 unguen-

123 1957 247 1994 tarius
272 1958 400 1994 factus
426 1960 493 2005 est,
520 1958 624 1995 intra
649 1960 726 1996 tres
746 1971 894 1996 menses
916 1960 1099 2010 cognovit
1120 1973 1158 1998 se
1179 1960 1349 2009 quinque
1369 1961 1449 1997 fere
1512 1994 1518 1997 .

124 2015 273 2051 talenta
310 2015 458 2052 debere.
508 2016 591 2052 Iam
623 2029 709 2054 cum
740 2017 955 2054 rescindere
988 2019 1106 2056 vellet
1137 2020 1376 2067 pactionem,
1409 2018 1450 2054 id

124 2085 369 2121 nequaquam
391 2073 437 2110 ab
452 2074 704 2124 Athenogene
724 2075 934 2124 impetrare
953 2077 1095 2124 potuit,
1116 2077 1182 2114 sed
1201 2077 1242 2113 in
1263 2073 1322 2113 ius
1336 2076 1451 2113 illuni

124 2142 260 2168 vocare
293 2133 446 2169 coactus
474 2134 541 2170 est.
590 2133 710 2170 Nulla
736 2146 826 2171 vero
853 2134 1033 2172 exstabat
1058 2135 1119 2171 lex
1148 2147 1226 2183 qua
1250 2134 1308 2172 ita
1333 2134 1451 2172 inniti

184 2265 216 2307 1)
242 2264 286 2298 cf.
308 2265 349 2300 U.
370 2265 537 2309 Koehler‚
563 2267 585 2301 1.
607 2267 628 2301 l.
655 2280 689 2312 p.
712 2273 775 2302 931
793 2281 861 2312 sq.;
889 2270 932 2303 H.
954 2269 1062 2312 Weil,
1083 2270 1204 2304 Revue
1232 2270 1295 2304 des
1316 2269 1445 2304 etudes

125 2310 183 2345 Gr.
204 2311 235 2343 V
262 2315 349 2345 1892
376 2324 411 2355 p.
434 2317 449 2346 1
465 2325 516 2356 sq.
