1581 2453
170 76 236 111 XII
704 75 760 108 PR
769 75 972 110 AEFATIO

172 189 211 223 et
231 185 336 222 XXV
354 186 433 222 fere
454 186 579 222 altum
600 187 667 222 est.
696 185 833 233 Spatia
852 185 997 223 litteris
1016 187 1166 235 repleta
1186 187 1393 226 altitudine
1414 192 1505 226 sunt

173 244 244 280 XV
270 244 348 280 fere
380 244 442 281 vel
470 244 578 291 XVI,
611 243 823 280 latitudine
854 243 910 279 IV
935 244 1015 281 fere
1047 246 1109 282 vel
1135 245 1169 281 V
1195 248 1504 295 centesimarum,

173 314 274 350 quae
302 302 549 339 intercedunt
580 302 792 339 intervalla
822 314 945 349 neque
977 303 1105 340 minus
1132 303 1229 341 VIII
1260 317 1384 352 neque
1416 306 1503 354 plus

172 360 248 397 XII
277 360 503 398 millesimas
529 360 610 397 lata
636 362 745 406 sunt,
776 372 911 409 margo
938 361 1115 409 superior
1140 362 1195 398 IV
1220 363 1317 410 fere,
1342 364 1505 401 inferior

174 419 229 455 VI
255 418 334 455 fere
360 419 590 455 centesimas
610 420 730 466 patet.
763 418 958 455 Numerus
977 432 1157 456 versuum
1182 422 1219 456 in
1245 422 1411 470 singulis
1437 434 1504 469 pa-

173 477 275 527 ginis
306 477 408 513 inter
439 476 568 513 XXVI
594 479 632 513 et
660 476 830 513 XXVIII
861 478 1007 525 variat,
1038 479 1114 526 ipsi
1146 490 1278 517 versus
1311 492 1504 528 nusquam

172 536 253 572 fere
285 535 372 583 plus
398 535 489 571 XIX
515 535 577 572 vel
603 535 691 581 XX,
722 547 810 571 raro
836 537 963 572 minus
989 536 1081 573 XVI
1112 536 1264 575 litteras
1293 538 1502 576 continent.

176 593 320 630 Charta
345 595 404 630 est
430 593 658 630 tenuissima
685 595 801 641 atque
828 594 987 641 optima.

235 654 474 697 Scriptura.
521 650 720 688 Orationis
747 651 826 688 alia
852 653 911 688 est
940 652 1132 700 scriptura
1158 655 1275 701 atque
1302 655 1504 702 epistulae,

174 712 340 757 utraque
366 711 497 746 tamen
520 711 615 747 satis
642 710 797 759 elegans
825 712 863 746 et
883 710 1229 748 Herculanensium
1250 711 1503 750 Voluminum

174 780 292 816 quam
323 769 490 804 maxime
526 763 706 818 affinis.¹)
756 768 887 816 Atque
919 769 1029 805 illam
1063 770 1129 816 qui
1163 770 1318 817 scripsit
1351 771 1504 809 litteras

175 838 306 863 omnes
332 839 476 875 magna
502 838 591 863 cum
611 826 817 875 diligentia
843 828 1018 864 exaravit
1044 840 1167 875 neque
1193 840 1359 876 usquam
1384 830 1500 878 scrip-

174 886 265 921 tura
291 884 580 932 compendiaria
606 897 698 922 usus
725 887 792 922 est.

232 942 404 979 Litterae
422 943 555 980 eadem
576 944 654 980 fere
672 945 763 980 sunt
783 943 1064 992 magnitudine,
1084 943 1160 980 nisi
1176 944 1281 992 quod
1300 946 1339 981 in
1358 948 1502 982 utram-

175 1014 247 1048 que
274 1002 425 1049 partem
450 1002 706 1050 porriguntur
731 1005 757 1038 Φ
785 1004 824 1039 et
848 1007 891 1049 Ψ,
918 1002 956 1038 in
983 1003 1206 1039 inferiorem
1233 1007 1258 1039 Ρ
1283 1005 1322 1040 et
1348 1007 1383 1040 Β.
1428 1004 1501 1041 Ro-

175 1058 396 1096 tundiorem
422 1060 587 1096 formam
612 1060 757 1097 habent
783 1064 819 1107 C,
846 1064 882 1107 Ε,
910 1064 953 1107 Μ,
979 1065 1026 1098 (a).
1070 1060 1252 1108 Inprimis
1279 1063 1408 1098 autem
1436 1074 1501 1099 no-

173 1118 262 1154 tatu
282 1117 454 1167 dignum,
474 1118 579 1166 quod
605 1119 747 1156 litteris
769 1124 806 1164 Α,
827 1123 869 1166 Δ,
895 1118 1090 1155 interdum
1110 1119 1227 1155 etiam
1249 1123 1273 1155 Β
1300 1132 1322 1156 a
1342 1120 1502 1157 sinistra

174 1178 285 1223 parte
305 1176 487 1213 inferiore
510 1178 620 1224 quasi
641 1177 770 1225 laquei
790 1178 945 1225 parvuli
965 1178 1240 1226 appinguntur.
1267 1177 1311 1213 In
1326 1182 1354 1214 Λ
1369 1178 1503 1215 dexter

174 1234 311 1271 ductus
339 1234 557 1282 paullulum
586 1236 795 1283 prominet,
827 1235 868 1272 in
895 1241 921 1273 Ν
948 1235 1086 1272 ductus
1113 1235 1261 1272 medius
1287 1238 1500 1273 extremum

173 1305 249 1329 non
268 1292 382 1340 infra,
401 1293 467 1330 sed
487 1294 620 1341 paullo
641 1295 817 1342 superius
838 1294 1010 1342 attingit,
1030 1299 1056 1330 Ξ
1075 1293 1198 1330 tribus
1219 1294 1341 1331 hastis
1361 1294 1501 1331 discre-

174 1352 223 1387 tis
249 1352 442 1388 exaratur.
477 1352 609 1388 Etiam
636 1355 706 1389 hoc
732 1352 827 1389 satis
854 1351 1048 1400 peculiare
1075 1353 1143 1399 est,
1169 1353 1270 1400 quod
1297 1352 1439 1389 litteris
1461 1358 1498 1401 Γ,

173 1413 224 1456 Π,
249 1413 284 1455 Ρ,
305 1413 336 1445 Τ
358 1404 424 1460 (Ν)
451 1409 499 1446 ab
519 1410 698 1447 inferiore
724 1411 835 1459 parte
855 1411 994 1448 ductus
1020 1410 1216 1447 adduntur
1234 1410 1501 1448 sinistrorsum

174 1468 358 1514 porrecti,
390 1468 457 1515 qui
486 1469 651 1505 maxime
678 1469 876 1517 conspicui
901 1471 990 1506 sunt
1020 1470 1061 1505 in
1086 1469 1278 1517 principio
1303 1480 1501 1517 versuum,

173 1537 196 1561 a
216 1526 414 1572 superiore
434 1528 563 1563 autem
587 1529 697 1574 parte
717 1527 855 1565 ductus
875 1527 1115 1564 dextrorsum
1141 1530 1337 1575 porrectos
1357 1527 1502 1564 habent

172 1582 327 1620 litterae
349 1588 384 1630 Κ,
409 1588 451 1630 Μ,
473 1589 511 1631 Ν,
532 1588 578 1631 O,
592 1589 631 1631 Υ,
653 1590 701 1632 0),
728 1598 826 1634 quae
852 1585 907 1623 sic
932 1597 1019 1622 cum
1044 1586 1228 1632 proximis
1254 1585 1501 1633 colligantur.

173 1641 415 1678 Accentuum
440 1642 605 1691 denique
630 1643 693 1680 vel
718 1644 927 1691 spirituum
953 1644 1108 1680 nullum
1132 1643 1351 1692 vestigium.

230 1702 454 1737 Versuum
474 1703 716 1747 discriptio.
748 1702 794 1738 In
819 1702 979 1749 syllabis
1000 1701 1224 1738 dirimendis
1251 1713 1349 1749 quae
1370 1702 1502 1738 valent

171 1757 275 1805 leges
293 1757 502 1806 diligenter
519 1759 783 1797 observantur.
816 1760 922 1797 Haec
938 1762 1094 1797 tantum
1111 1760 1286 1796 afferam:
1306 1756 1501 1811 προσξηκει

173 1815 243 1862 III,
266 1817 308 1858 2;
340 1812 616 1867 οινῖαιρεθεισαι
648 1818 694 1864 V,
718 1820 788 1866 143
820 1815 903 1868 ουΙκ
934 1818 1042 1863 αξιον
1068 1818 1155 1864 VII,
1177 1819 1219 1865 83
1250 1811 1348 1869 αγεΙτ
1381 1831 1500 1855 αυτον

172 1873 240 1920 IV,
259 1876 321 1911 12.
362 1874 521 1923 Semper
541 1876 659 1912 etiam
680 1876 813 1913 littera
834 1888 855 1913 σ
881 1876 929 1913 ab
949 1876 1173 1924 insequente
1194 1887 1361 1912 consona
1381 1874 1501 1913 divel-

172 1931 278 1969 litur.
330 1932 391 1969 Ad
426 1933 656 1981 explendum
696 1947 828 1972 versus
866 1935 1037 1982 spatium
1069 1933 1264 1970 interdum
1295 1933 1502 1971 adhibetur

172 1990 232 2026 ve]
260 1991 425 2039 angulus
446 1991 523 2038 ille,
545 1991 590 2028 de
612 2005 687 2039 quo
708 1993 787 2029 iam
807 2005 926 2041 supra
946 2005 980 2040 p.
996 1992 1093 2029 VIII
1114 1992 1190 2028 dixi
1213 1991 1349 2042 (semel
1370 1994 1501 2028 autem

172 2048 408 2096 geminatus,
438 2050 555 2086 semel
587 2051 741 2098 punctis
774 2053 909 2088 auctus
942 2044 1037 2101 est),
1068 2050 1129 2087 vel
1160 2052 1252 2086 nota
1284 2049 1397 2087 huius
1424 2050 1498 2087 for·

171 2117 256 2141 mae
281 2117 331 2143 x.

229 2166 553 2210 Interpunctio.
592 2166 899 2216 Interpungendi
924 2167 1025 2203 ratio
1052 2167 1090 2202 in
1118 2166 1339 2204 universum
1367 2165 1499 2202 eadem

233 2287 265 2328 1)
292 2286 336 2319 cf.
363 2286 527 2330 Kenyon,
555 2287 832 2332 Palaeography
856 2300 891 2332 p.
908 2291 961 2323 78.
