1618 2506
486 70 789 105 ARGVMENTA
816 72 1102 107 ORA'HONVM
1314 76 1463 109 XXXIX

120 184 253 234 posset
278 184 322 219 ut
348 182 512 220 firmiter
537 185 660 221 staret
686 185 894 232 accusatio,
922 197 1010 222 cum
1038 198 1106 233 pro
1134 198 1198 222 reo
1227 187 1377 224 adesset
1398 188 1456 224 lex

121 256 168 281 ea
195 254 293 290 quae
319 243 520 291 pactiones
546 243 723 291 privatas
750 244 857 281 ratas
884 255 965 281 esse
991 243 1161 282 iubebat.
1196 245 1310 282 Actio
1338 246 1456 283 fuisse

119 301 276 340 videtur
313 299 462 352 βλάβης
500 301 603 350 apud
638 302 705 338 XL
743 297 909 354 viros¹),
948 303 1171 340 aestimatio
1208 306 1339 341 autem
1374 305 1456 343 litis

121 355 304 413 (τίμημα)
325 361 497 409 quinque
517 360 685 409 talenta3
707 362 740 398 si
760 361 967 398 damnatus
989 363 1048 399 est
1062 362 1349 411 Athenogenes,
1370 376 1456 411 pro-

123 420 222 458 fecto
253 420 475 468 pactionem
507 420 724 457 rescindere
759 432 877 468 quam
911 421 980 458 illa
1012 421 1160 458 solvere
1188 422 1338 458 maluit.
1391 423 1457 459 Bis

124 481 253 516 autem
284 479 325 515 in
357 479 429 516 hac
456 490 577 516 causa
603 479 651 516 ab
676 481 846 528 utraque
872 481 983 528 parte
1011 482 1165 516 oratum
1193 483 1262 528 est,
1289 481 1390 518 sicut
1416 483 1452 517 in

123 537 246 575 causis
272 537 441 586 Aphobi7
469 537 670 586 Stephani,
709 538 894 586 aliorum3
926 538 1028 575 unde
1061 538 1159 575 duae
1192 539 1351 576 fuerunt
1376 539 1458 587 Hy-

122 596 264 646 peridis
296 595 392 635 κατὰ
414 593 702 648 Ἀθηνογένους
735 598 944 645 orationes,
972 610 1140 645 quarum
1168 598 1308 646 prioris
1335 598 1460 635 maior

121 668 209 704 pars
240 657 398 705 reperta
433 658 500 694 est.
541 657 709 705 Tempus
742 657 782 693 in
814 657 900 704 ipsa
934 656 1108 693 oratione
1136 657 1342 704 iudicatur⁷
1371 670 1457 693 eum

121 714 301 752 dicuntur
330 715 418 764 plus
446 714 507 752 CL
541 715 633 752 anni
664 715 754 752 inde
781 714 828 752 ab
855 728 956 752 anno
978 717 1062 753 480
1093 715 1352 764 praeterlapsi
1377 727 1458 753 esse

122 769 211 823 (col.
231 773 315 822 XV,
333 775 383 812 17
400 769 493 823 sq.);
519 775 654 823 itaque
682 787 804 811 annus
831 775 908 811 fuit
933 786 1035 811 unus
1062 787 1107 811 ex
1135 776 1189 812 eis
1217 774 1283 822 qui
1311 787 1457 810 annum

123 832 204 870 330
229 832 405 882 proxime
431 833 599 870 insecuti
619 835 722 870 sunt.
756 832 841 877 Quo
862 846 949 870 cum
969 835 1144 881 tempore
1166 834 1284 870 etiam
1305 833 1458 881 reliqua

122 903 218 939 quae
238 891 372 929 insunt
392 892 538 940 optime
560 893 779 941 congruunt
800 888 865 944 (cf.
880 892 1004 938 Blass,
1020 891 1102 929 Att.
1124 892 1209 928 Ber.
1225 886 1301 928 ΠΙ2
1319 893 1355 938 2,
1373 887 1457 942 85).

121 949 212 988 Fuit
237 952 369 988 autem
394 964 539 1001 magna
563 951 679 989 huius
700 951 890 989 orationis
911 951 1015 999 apud
1036 953 1186 988 veteres
1207 951 1329 987 fama:
1357 963 1458 998 quae

120 1018 309 1047 una‘cum
335 1011 511 1048 oratione
539 1007 635 1061 ὑπὲρ
660 1009 822 1061 Φρύνης
848 1010 895 1047 ab
924 1012 1080 1047 auctore
1107 1009 1197 1046 libri
1217 1007 1303 1058 περὶ
1323 1008 1456 1057 ὕψους

123 1062 176 1120 (v.
199 1080 318 1117 supra
348 1083 385 1117 p.
406 1066 595 1121 XXXIII)
627 1071 674 1106 ut
705 1069 925 1117 exemplum
952 1069 1033 1105 eius
1061 1068 1212 1118 generis
1240 1067 1456 1104 subtilioris

121 1129 161 1164 et
191 1127 401 1166 festivioris
434 1129 607 1175 affertur,
638 1129 680 1165 in
707 1141 784 1176 quo
812 1130 849 1165 et
875 1128 1054 1165 floruerit
1079 1127 1298 1175 Hyperides
1326 1138 1453 1174 neque

120 1185 401 1225 Demosthenes
426 1187 510 1235 ipse
537 1199 624 1224 cum
650 1187 718 1223 illo
746 1188 894 1223 certare
920 1186 1102 1234 potuerit.

181 1243 242 1282 Or.
263 1245 330 1283 VI.
362 1245 578 1283 Leosthene
604 1245 645 1281 in
672 1244 873 1282 obsidione
893 1244 1053 1281 Lamiae
1074 1257 1185 1281 caeso
1207 1243 1456 1281 consiliorum

120 1305 203 1342 eius
229 1305 354 1342 socius
380 1304 599 1353 Hyperides
627 1317 649 1341 a
674 1304 818 1352 populo
845 1303 1016 1341 delectus
1043 1304 1113 1350 est,
1141 1302 1209 1351 qui
1235 1302 1348 1339 illum
1375 1314 1456 1338 eos-

120 1376 194 1411 que
228 1363 293 1412 qui
325 1376 405 1400 una
436 1363 477 1400 in
508 1363 578 1400 illa
611 1362 855 1411 expeditione
888 1362 1161 1409 occubuerant,
1195 1361 1372 1398 oratione
1398 1361 1457 1396 fu—

119 1421 230 1458 nebri
261 1422 512 1460 collaudaret.
556 1421 667 1466 Quod
698 1421 846 1459 factum
878 1423 936 1458 est
967 1421 1092 1458 hieme
1126 1421 1220 1456 anni
1248 1421 1343 1466 322,
1369 1432 1458 1456 cum

120 1480 201 1518 iam
226 1481 386 1518 nuntius
408 1481 453 1518 de
473 1494 514 1518 re
535 1480 718 1518 adversus
739 1479 983 1518 Leonnatum
1006 1491 1186 1528 prospere
1208 1481 1318 1528 gesta
1338 1477 1457 1514 Athe-

120 1552 191 1577 nas
216 1541 469 1589 pervenisset.

181 1631 214 1673 1)
240 1629 284 1663 cf.
312 1629 469 1673 Lipsius,
496 1628 711 1672 Philologus
738 1628 811 1670 LV,
840 1630 941 1669 1896,
968 1639 1002 1671 p.
1024 1629 1079 1660 43.
