1618 2506
654 49 922 83 PRAEFATIO
1364 53 1459 86 XVII

113 161 216 198 vitro
243 160 290 196 ab
318 161 485 208 utraque
518 162 629 208 parte
663 161 870 210 ligneaque
902 162 1028 199 forma
1055 162 1229 199 munitae
1260 163 1297 199 in
1325 164 1458 202 Museo

113 219 342 256 Britannico
373 218 569 267 repositae
602 221 693 256 sunt
726 218 838 270 (Pap.
867 215 952 271 98).
1005 221 1170 258 Textum
1204 224 1336 259 autem
1370 226 1460 271 post

112 278 373 328 Babingtonis
407 277 616 315 editionem
648 279 818 326 priorem
851 274 1004 331 (1858)
1038 282 1077 316 et
1109 280 1273 317 alteram
1303 277 1457 333 (1859)

111 338 391 374 recensuerunt
422 337 462 372 in
491 335 701 374 Germania
728 337 879 386 Kayser
905 333 1072 390 (1858),
1107 339 1262 387 Sauppe
1290 335 1457 390 (1860),

112 396 198 433 Tell
221 390 387 448 (1861),
413 395 612 433 Fritzsche
634 391 800 449 (1861),
826 397 930 445 apud
953 397 1127 436 Batavos
1149 397 1270 435 Cobet
1289 389 1456 450 (1858),

110 456 152 492 in
178 455 297 492 Italia
325 453 568 503 Comparetti
595 450 767 507 (1864),
801 456 905 504 apud
938 455 1071 493 Gallos
1106 456 1282 494 Caffiaux
1310 455 1456 505 (1858,

114 515 239 562 1861,
270 508 411 565 1866).

169 575 424 610 voluminis
451 575 479 610 S
510 576 764 619 deseriptio.
811 574 1003 611 Volumen
1041 588 1084 611 ex
1121 575 1272 612 duabus
1309 576 1454 613 chartis

108 632 204 669 olim
231 632 423 681 separatis
450 633 671 670 confectum
698 635 765 670 est„
807 632 903 669 Cum
931 634 1034 670 enim
1060 634 1149 670 inde
1178 634 1225 671 ab
1252 634 1365 672 initio
1393 648 1453 672 ns-

110 704 185 740 que
212 691 261 728 ad
287 691 509 728 columnam
536 691 726 728 decimam
752 693 895 740 papyri
926 692 1045 729 fibrae
1077 695 1207 729 rectae
1235 693 1453 742 decurrant,

108 751 356 788 transversae
383 750 472 787 inde
500 762 521 787 a
549 750 729 787 columna
755 750 972 798 undecima,
999 751 1165 799 priorem
1195 754 1347 800 partem
1369 750 1452 790 om*

110 808 344 860 σθόγραφον
366 809 467 857 quod
489 809 624 847 dicunt
645 821 725 846 esse
746 811 922 858 apparet.
948 810 1143 847 Nimirum
1165 811 1340 848 continet
1359 812 1453 850 haec

108 880 131 904 a
151 871 262 917 tergo
284 868 500 917 scripturae
521 868 725 906 cuiusdam
746 868 1008 917 astrologicae
1029 869 1229 906 columnas
1250 883 1315 908 sex
1325 865 1370 922 1),
1386 883 1451 918 po-

109 928 251 965 sterior
276 929 411 964 autem
437 939 459 964 a
485 929 595 975 tergo
623 927 728 965 omni
755 928 952 976 scriptura
978 930 1104 965 vacat.
1138 928 1222 965 lam
1247 942 1265 965 e
1287 941 1351 966 sex
1371 929 1451 967 illis

108 986 301 1024 columnis
328 998 416 1023 cum
442 985 584 1023 ultima
610 986 772 1024 alterius
799 987 957 1024 chartae
977 989 1089 1036 parte
1115 987 1278 1024 inducta
1304 989 1366 1037 sit,
1387 1002 1451 1024 ne-

108 1047 276 1083 cessario
305 1046 557 1094 consequitur
576 1044 674 1083 duas
701 1045 856 1082 chartas
881 1047 920 1082 in
948 1046 1030 1083 eius
1051 1045 1207 1083 demum
1233 1059 1346 1084 usum
1370 1059 1449 1084 esse

108 1095 354 1154 coniunctas,
387 1104 454 1153 qui
480 1103 693 1153 Hyperidis
726 1104 943 1142 orationem
975 1105 1141 1153 scripsit.
1195 1104 1290 1142 Cum
1320 1108 1450 1143 autem

107 1163 331 1212 astrologus
350 1163 417 1199 ille
438 1163 574 1200 charta
595 1162 758 1200 adversa
777 1175 871 1200 usus
892 1165 1003 1212 esset,
1026 1163 1116 1200 huic
1137 1163 1234 1200 nihil
1254 1164 1448 1213 relinque-

105 1222 223 1259 batur
242 1221 317 1259 nisi
338 1224 382 1259 ut
401 1222 549 1270 primas
566 1221 697 1259 decem
717 1222 918 1259 columnas
938 1222 979 1257 in
1000 1234 1136 1259 aversa
1157 1222 1315 1259 chartae
1335 1225 1448 1271 parte

108 1280 360 1327 describeret,
391 1280 542 1317 scilicet
568 1292 629 1327 ea,
661 1281 701 1316 in
729 1293 806 1328 qua
832 1279 951 1317 fibrae
982 1282 1110 1317 rectae
1138 1280 1445 1328 superiacebant,

108 1339 192 1384 Quo
218 1339 368 1376 factum
395 1340 470 1386 est,
502 1341 547 1375 ut
574 1340 838 1375 atramentum
863 1338 1058 1376 interdum
1087 1351 1156 1387 per
1181 1339 1300 1376 rimas
1328 1339 1444 1377 disce-

107 1398 217 1436 deret
237 1400 275 1436 et
295 1399 503 1435 crassiores
525 1398 681 1435 omnino
702 1397 922 1434 litterarum
944 1397 1083 1435 ductus
1106 1397 1315 1434 evaderent
1329 1400 1447 1446 atque

107 1457 353 1507 angustiores
380 1470 499 1505 quam
529 1456 569 1493 in
601 1456 682 1493 ullo
709 1456 786 1493 alio
814 1455 1025 1504 Hyperidis
1052 1457 1263 1494 volumine.
1314 1457 1445 1495 Etiam

105 1517 264 1554 chartae
299 1527 420 1566 genus
456 1515 626 1552 deterius
663 1517 721 1552 est
757 1518 795 1551 et
833 1514 1026 1563 scriptura
1060 1515 1320 1563 inaequabilis
1360 1529 1445 1552 oum

104 1575 351 1625 longitudine
384 1577 421 1612 et
452 1574 663 1611 latitudine
698 1574 969 1611 columnarum
1000 1576 1085 1610 tum
1112 1586 1295 1611 versuum
1321 1574 1445 1612 densi-

104 1636 187 1672 tate
208 1635 247 1672 et
271 1634 493 1671 litterarum
513 1633 794 1683 magnitudine.
828 1632 1050 1670 Verisimile
1071 1635 1129 1670 est
1148 1632 1352 1670 librarium
1373 1646 1443 1681 pro

105 1693 294 1731 orationis
321 1692 472 1730 ambitu
501 1705 579 1729 non
604 1693 662 1729 ita
688 1691 858 1741 amplum
884 1692 1067 1728 volumen
1092 1691 1292 1738 habuisse3
1325 1704 1443 1740 quare

105 1764 194 1790 cum
226 1751 557 1789 animadverteret
588 1751 758 1799 spatium
786 1752 850 1788 vix
880 1751 1131 1788 suffecturum
1158 1762 1255 1797 esse,
1289 1753 1443 1788 coactus

105 1812 165 1848 est
190 1811 320 1848 omnia
346 1810 386 1847 in
413 1811 538 1847 artius
565 1809 829 1858 constringere
855 1821 981 1857 neque
1007 1809 1248 1858 marginibus
1274 1821 1442 1858 parcere,

104 1882 268 1918 cumque
293 1869 459 1918 primam
482 1869 700 1906 columnam
722 1867 901 1914 XXXIV,
927 1868 1092 1905 alteram
1118 1868 1354 1915 tertiamque
1374 1869 1443 1904 tri-

104 1941 287 1966 cenorum
312 1930 512 1965 ternorum
537 1939 722 1965 versuum
747 1927 920 1975 fecisset,
952 1926 993 1962 in
1021 1927 1198 1974 proxima
1224 1926 1442 1973 XXXVIII,

104 1987 193 2025 dein
211 1986 292 2036 XL,
319 1986 407 2025 dein
430 1986 605 2033 XXXIX,
630 1987 671 2023 in
697 1985 847 2023 ultimis
874 1984 1024 2022 duabus
1051 1984 1320 2034 quadragenos
1347 1992 1440 2033 qua-

102 2048 232 2084 ternos
257 2058 410 2095 ponere.
449 2046 550 2082 Item
574 2057 622 2082 ne
647 2056 772 2082 vacua
799 2044 956 2092 quidem
981 2043 1084 2081 inter
1103 2043 1276 2092 singulas
1298 2043 1440 2081 colum-

102 2116 173 2143 nas
198 2105 371 2154 reliquit,
398 2104 464 2142 sed
489 2103 698 2141 dirimendi
724 2115 841 2140 causa
861 2114 1008 2139 crassas
1034 2102 1157 2140 lineas
1184 2102 1358 2152 singulas
1378 2103 1440 2139 vel

164 2195 196 2237 1>
223 2194 268 2228 cf.
290 2193 410 2228 Greek
429 2192 565 2237 Papyri
590 2192 627 2226 in
654 2192 716 2226 the
736 2191 875 2225 British
894 2190 1061 2224 Museum
1087 2190 1142 2224 ed.
1165 2190 1202 2224 F.
1225 2190 1266 2224 G.
1287 2190 1440 2234 Kenyon

104 2240 212 2283 1893,
243 2240 307 2274 Nr.
329 2243 373 2274 98
397 2252 435 2283 p.
451 2243 534 2281 126,
561 2239 636 2273 tab.
656 2243 762 2282 723q.
789 2240 826 2272 et
855 2237 1087 2281 C.Wessely,
1112 2237 1351 2271 Denkschrift
1377 2238 1440 2271 der

102 2287 253 2322 Wiener
277 2287 455 2321 Akadem.
478 2289 580 2329 1888,
605 2298 640 2330 p.
657 2290 783 2329 15osq.

172 2353 341 2383 Hyperides
361 2352 406 2377 ed.
422 2352 534 2377 Jensen
1182 2343 1204 2376 b
