1581 2453
128 79 223 112 XXII
659 76 926 111 PRAEFATIO

185 190 393 238 Reliquum
422 192 481 226 est
506 190 552 225 ut
578 188 622 225 de
650 187 832 225 subsidiis
857 188 973 225 huius
999 188 1182 225 editionis
1203 187 1374 225 breviter
1395 200 1459 224 ex-

127 262 281 299 ponam.
338 248 478 295 Itaque
518 248 608 296 post
645 245 836 283 editiones
867 246 1013 294 primas
1043 246 1285 294 singularum
1315 246 1459 282 oratio-

126 321 232 356 num,
253 318 350 354 quas
371 317 490 354 supra
511 305 822 353 commemoravi,
847 317 992 354 magna
1017 305 1329 342 coniecturarum
1355 304 1459 341 efflo-

125 367 206 404 ruit
230 366 377 413 messis,
404 376 569 412 quarum
594 363 708 400 iudex
735 362 887 400 exstitit
912 375 1069 401 severus
1089 363 1308 400 Friderious
1335 363 1460 409 Blass,

128 425 189 462 vir
214 424 259 461 de
280 422 480 471 Hyperide
507 422 681 459 omnium
707 422 852 469 optime
872 421 1044 459 meritus.
1076 421 1116 458 Is
1136 433 1268 458 omnes
1289 433 1460 470 papyros

128 484 285 531 praeter
327 480 548 518 Par-isinam
593 481 773 517 accurate
819 480 1070 527 examinavit,
1115 492 1213 527 quae
1257 479 1461 517 restabant

125 541 348 589 fragmenta
380 539 509 587 quoad
543 538 627 575 fieri
657 539 815 586 poterat
845 538 886 574 in
919 538 1092 575 ordinem
1118 538 1289 587 redegit,
1314 538 1459 575 multas

126 611 247 636 novas
264 598 457 646 vlectiones
484 610 529 633 ex
555 597 700 634 chartis
727 596 876 644 elicuit,
904 609 1036 634 omnes
1062 596 1229 644 denique
1262 597 1459 634 orationes

128 661 165 695 et
204 657 425 705 fragmenta
463 655 619 692 aliunde
654 657 749 692 nota
777 655 925 704 publici
957 655 1052 693 iuris
1088 655 1181 693 feeit
1214 655 1255 691 in
1291 656 1460 692 editione

127 715 339 764 Hyperidis
371 715 502 763 tertia,
528 726 628 762 quae
656 726 757 751 anno
787 714 896 750 1894
924 714 963 750 in
991 713 1150 751 aedibus
1178 713 1460 751 Teubnerianis

125 774 280 823 prodiit.

184 833 296 869 Hane
329 831 540 868 editionem
564 833 609 867 ut
634 843 862 867 renovarem
888 844 978 868 oum
1005 843 1105 868 anno
1135 832 1244 868 1909
1274 843 1296 867 a
1321 830 1462 867 biblio-

126 892 218 940 pola
248 891 409 939 rogatus
441 901 580 936 essem,
607 901 702 937 opus
735 902 812 926 non
843 901 954 937 posse
986 889 1171 937 proficere
1198 889 1273 926 nisi
1298 889 1458 937 papyris

126 950 252 986 denuo
284 948 469 996 inspeetis
500 947 619 996 probe
644 959 873 995 persuasum
899 947 1101 986 habebam.
1147 947 1258 992 Quod
1288 950 1334 984 ut
1364 948 1459 984 mihi

126 1008 386 1056 contingeret,
413 1006 571 1055 egregia
597 1005 836 1043 liberalitate
862 1007 1010 1044 sactum
1040 1008 1097 1043 est
1124 1018 1210 1043 cum
1237 1007 1460 1043 academiae

127 1066 400 1114 Gottingensis
427 1064 622 1102 sociorum
647 1067 730 1101 tum
757 1068 980 1102 curatorum
1006 1065 1130 1113 legati
1150 1064 1374 1102 Sohassiani
1393 1064 1460 1101 Ki-

126 1124 325 1169 loniensis,
352 1122 492 1171 quibus
519 1125 676 1172 gratum
695 1135 824 1160 meum
850 1124 1025 1160 animum
1050 1123 1122 1161 hoo
1148 1123 1232 1161 loeo
1258 1123 1461 1160 testificari

130 1183 292 1233 gaudeo
332 1182 469 1229 Itaque
503 1183 694 1218 autumno
727 1182 819 1218 anni
848 1184 956 1220 1911
985 1181 1156 1219 Parisios
1183 1184 1222 1218 et
1253 1195 1341 1219 vere
1370 1183 1462 1218 anni

126 1243 237 1278 1912
274 1240 494 1277 Londinuin
531 1239 726 1288 profectus
767 1240 897 1276 omnia
932 1240 1133 1277 volumina
1169 1243 1207 1277 et
1238 1241 1460 1288 fragmenta

125 1300 305 1337 accurate
343 1311 413 1335 neo
460 1298 541 1335 sine
579 1297 710 1335 fructu
748 1299 906 1336 contuli.
964 1299 1139 1336 Fuerunt
1176 1300 1279 1336 enim
1316 1298 1461 1346 ubique

125 1359 222 1405 fere,
249 1369 348 1406 quae
373 1356 519 1394 rectius
545 1356 624 1405 legi
650 1359 718 1393 aut
745 1357 919 1405 suppleri
943 1360 1112 1405 possent.
1163 1357 1361 1405 Imprimis
1398 1370 1462 1394 vo-

123 1417 255 1453 lumen
288 1415 336 1463 P,
375 1414 479 1463 quod
516 1414 628 1451 Blass
666 1428 743 1452 non
780 1416 949 1462 viderat,
994 1416 1139 1452 multas
1185 1428 1306 1453 novas
1353 1416 1461 1453 leoti-

126 1487 217 1512 ones
249 1472 537 1522 suppeditabat.
582 1472 788 1510 Praeterea
820 1474 1042 1523 fragmenta
1073 1474 1263 1511 nonnulla
1295 1486 1318 1510 a
1350 1474 1461 1511 Blas—

128 1534 184 1570 sio
216 1532 317 1569 falso
349 1531 434 1568 loeo
460 1531 607 1568 inserta
633 1533 703 1568 aut
733 1532 774 1568 in
799 1531 1007 1579 pristinum
1034 1532 1207 1569 ordinem
1234 1532 1366 1581 redegi
1393 1535 1461 1569 aut

126 1591 197 1629 sub
222 1592 334 1627 textu
360 1589 559 1627 collocavi.
605 1588 680 1625 Sed
706 1588 752 1626 de
778 1590 837 1626 his
865 1603 963 1638 qua-e
990 1590 1152 1628 dicenda
1185 1594 1296 1627 erant
1327 1592 1366 1627 in
1395 1603 1463 1639 ap·

125 1651 270 1698 paratu
295 1648 431 1685 critico
458 1647 548 1684 dixi.
591 1647 741 1684 Ibidem
767 1649 840 1685 etsi
866 1661 1199 1696 supervacaneum
1225 1649 1318 1685 duxi
1344 1661 1462 1696 quae—

126 1720 289 1755 cumque
325 1718 426 1744 nova
459 1706 739 1755 indagaveram
773 1707 996 1743 litterarum
1030 1707 1198 1744 frustula
1233 1719 1462 1756 proponere,

128 1766 305 1803 accurate
331 1766 464 1801 tamen
491 1777 535 1801 ea
561 1764 735 1812 enotavi,
767 1778 865 1813 quae
893 1765 942 1801 ad
974 1765 1166 1803 sanandos
1192 1766 1296 1803 locos
1324 1765 1460 1803 dubios¹

127 1823 277 1872 aliquid
302 1823 527 1860 viderentur
551 1823 693 1860 valere.
737 1824 870 1860 Etiam
902 1824 1143 1861 coniecturas
1170 1824 1343 1862 virorum
1374 1824 1461 1861 doc-

126 1885 255 1919 torum
274 1882 499 1930 potissimas
520 1883 821 1920 commemoravi
846 1895 969 1930 neque
996 1883 1122 1920 solum
1147 1894 1222 1929 eas,
1249 1894 1346 1931 quas
1372 1895 1460 1930 pro-

127 1941 276 1987 barem,
308 1940 373 1977 sed
399 1940 606 1977 nonnullas
633 1940 753 1977 etiam
778 1941 908 1978 minus
933 1940 1172 1989 probabiles,
1205 1953 1302 1989 quas
1328 1943 1460 1978 tamen

126 2012 204 2036 non
235 2010 392 2046 prorsus
423 1998 581 2035 inutiles
612 2000 792 2046 putarem
824 1999 873 2036 ad
904 1999 1178 2049 investiganda
1210 2011 1303 2037 vera
1329 1999 1460 2048 Hype-

126 2057 223 2093 ridis
243 2057 372 2094 verba.
412 2056 694 2105 Supplementa
714 2059 858 2105 autem,
883 2059 960 2095 nisi
978 2058 1131 2095 diversa
1152 2058 1197 2094 de
1225 2059 1279 2095 eis
1304 2060 1372 2095 aut
1395 2071 1462 2094 no-

128 2127 196 2152 vas
222 2115 407 2152 lectiones
433 2115 632 2162 adnotavi,
656 2116 793 2164 primis
815 2116 1029 2154 editoribus
1050 2116 1248 2154 debentur.
1281 2116 1461 2164 Denique

128 2174 168 2213 in
194 2175 304 2210 textu
324 2173 549 2210 adornando
576 2174 649 2211 etsi
673 2174 817 2211 retinui
843 2175 1110 2224 paragraphos
1137 2187 1160 2211 a
1179 2174 1332 2212 Blassio
1354 2174 1463 2211 addi-

127 2233 188 2269 tas
202 2252 260 2257 —
274 2232 343 2268 has
365 2233 468 2268 enim
482 2231 675 2269 Reinhold
694 2233 735 2270 in
755 2232 880 2270 indice
900 2232 1135 2271 conficiendo
1157 2234 1311 2271 secutus
1333 2234 1391 2270 est
1405 2254 1459 2258 —

130 2302 259 2327 omnes
285 2292 418 2327 tamen
444 2290 639 2328 orationes
665 2304 735 2339 per
760 2292 971 2329 versiculos
998 2303 1060 2329 eos
1088 2292 1293 2340 descripsi,
1325 2292 1394 2340 qui
1423 2292 1462 2328 in
