1592 2506
654 73 923 107 PRAEFATIO
1397 74 1456 106 Vll

118 187 248 222 tamen
271 184 396 220 adhuc
420 184 641 221 orationum
668 184 816 232 primae
837 187 875 221 et
895 185 1084 221 secundae
1107 189 1237 233 partes
1258 186 1359 221 haud
1382 186 1458 221 exi-

118 256 230 294 guae,
257 243 302 279 de
329 242 469 290 quibus
496 243 770 291 recuperandis
797 243 872 279 iam
901 255 988 291 spes
1016 244 1093 279 fere
1121 243 1245 280 omnis
1273 244 1390 280 deest.

176 304 433 340 Voluminis
465 303 503 339 A
538 304 793 348 descriptio.
852 302 996 339 Charta
1032 303 1203 339 melioris
1239 306 1353 339 notae
1390 306 1458 339 est.

118 360 225 405 Quae
250 361 405 410 integra
435 362 560 397 restat
589 372 679 408 pars
707 357 819 410 [Pap.
844 357 943 411 115]
978 360 1222 409 longitudine
1250 364 1307 398 est
1340 361 1458 397 trium

120 420 198 457 fere
230 421 443 456 metrorum
476 422 515 455 et
544 418 712 466 dimidii,
746 419 954 456 altitudine
982 420 1086 456 XXX
1122 422 1199 457 fere
1233 422 1460 456 centesima-

119 474 253 530 rum.¹)
290 478 476 527 Singulae
504 479 633 514 autem
659 491 702 515 ex
724 478 864 526 quibus
890 479 1065 515 confecta
1089 481 1148 516 est
1172 479 1353 528 plagulae
1378 481 1457 515 tam

120 537 215 574 bene
234 537 530 586 conglutinatae
553 540 656 583 sunt,
675 539 720 573 ut
740 538 1015 574 commissurae
1036 541 1215 574 accurate
1232 537 1361 586 detegi
1382 537 1458 574 iam

119 608 196 633 non
222 596 390 644 possint:
417 608 513 643 quas
540 595 695 643 quidem
723 608 952 645 cognoscere
979 596 1074 632 milii
1100 596 1271 643 videbar,
1298 598 1402 632 inter
1421 608 1459 632 se

119 654 320 692 distabant
353 654 482 702 quinis
514 655 593 690 fere
626 657 665 691 et
691 654 837 691 vicenis
869 656 1100 692 centesimis.
1153 655 1292 703 Spatia
1317 654 1461 692 litteris

119 714 270 762 repleta
294 712 503 750 altitudine
525 715 616 750 sunt
638 713 740 759 XVI,
766 713 976 750 latitudine
995 713 1028 748 V
1050 714 1128 751 fere
1150 715 1461 759 centesimarum,

120 772 330 810 intervalla
364 771 612 809 intercedunt
645 771 824 809 binarum
861 772 939 809 fere
975 772 1292 818 centesimarum,
1327 784 1461 821 margo

121 831 300 879 superior
322 843 399 878 sex,
425 831 588 868 inferior
607 833 694 868 octo
714 831 834 868 ferme
861 832 1092 868 centesimas
1113 834 1234 879 patet.
1267 831 1461 867 Numerus

122 902 302 927 versuum
323 890 363 926 in
384 889 549 938 singulis
576 889 731 939 paginis
753 892 998 926 exaratorum
1023 891 1079 926 ita
1102 891 1240 936 variat,
1266 893 1310 926 ut
1336 902 1461 937 neque

120 949 208 998 plus
240 949 405 998 triginta
438 949 518 986 sint
549 961 675 997 neque
706 950 832 986 minus
859 949 1000 998 viginti
1028 952 1195 996 septem,
1227 948 1303 997 ipsi
1329 960 1463 985 versus

121 1019 313 1056 nusquam
351 1008 430 1044 fere
468 1007 556 1056 plus
593 1006 745 1054 XVIII,
783 1019 975 1055 nusquam
1015 1008 1142 1043 minus
1178 1007 1272 1043 XIII
1311 1007 1462 1043 litteras

120 1067 332 1119 continent.

181 1128 423 1172 Scriptura.
456 1124 629 1162 Litterae
641 1120 672 1176 ²)
699 1125 794 1162 satis
817 1126 1017 1174 eleganter
1040 1125 1209 1173 scriptae
1231 1137 1363 1161 omnes
1384 1125 1463 1160 fere

121 1184 255 1221 eadem
277 1186 368 1221 sunt
388 1183 671 1233 magnitudine,
691 1184 765 1221 nisi
787 1183 890 1231 quod
911 1187 938 1220 Φ
957 1186 996 1219 et
1012 1188 1044 1220 Ψ
1062 1186 1100 1220 et
1120 1196 1273 1220 sursum
1297 1186 1336 1220 et
1356 1182 1463 1220 deor-

122 1255 208 1281 sum
225 1254 360 1280 versus
377 1242 658 1290 producuntur.
686 1242 839 1279 Littera
854 1246 877 1278 Β
899 1255 922 1279 a
942 1245 1052 1290 parte
1069 1242 1267 1290 superiore
1286 1242 1463 1290 aliquan-

121 1304 205 1338 tum
225 1302 431 1350 prominet,
453 1300 500 1337 ab
521 1301 704 1338 inferiore
724 1300 867 1338 lineam
889 1300 1007 1337 habet
1026 1302 1066 1337 in
1085 1303 1290 1348 utramque
1310 1302 1463 1349 partem

123 1360 364 1408 productam.
404 1363 428 1396 C
450 1360 488 1395 et
509 1363 533 1396 Ε
556 1359 764 1397 rotundam
786 1360 950 1396 formam
974 1359 1174 1407 praebent,
1201 1359 1315 1396 huius
1336 1358 1464 1395 media

123 1419 267 1456 lineola
295 1431 469 1455 summae
498 1431 614 1466 quam
642 1419 808 1454 maxime
836 1418 993 1455 admota
1021 1420 1089 1454 est.
1133 1422 1162 1454 Μ
1192 1431 1345 1466 quoque
1372 1420 1411 1454 et
1436 1421 1464 1453 Υ

122 1476 415 1515 rotundioribus
437 1477 617 1514 ductibus
641 1480 823 1514 exaratae
850 1478 952 1523 sunt,
975 1482 1011 1514 ω
1034 1476 1167 1513 eadem
1191 1478 1315 1513 forma
1336 1476 1464 1524 bipar-

123 1537 197 1575 tita
224 1538 283 1573 est
309 1538 427 1584 atque
452 1537 493 1571 in
520 1538 655 1573 nostra
681 1536 874 1584 scriptura
896 1535 1062 1584 vulgari.
1095 1535 1141 1572 In
1163 1536 1305 1572 litteris
1329 1540 1353 1571 Α
1374 1538 1413 1571 et
1433 1538 1463 1570 Δ

124 1598 162 1633 et
182 1600 209 1632 Λ
235 1598 456 1644 postremus
477 1595 617 1632 ductus
644 1594 890 1642 aliquantum
917 1595 1126 1642 prominet,
1154 1596 1279 1630 cetera
1308 1594 1464 1630 litterae

125 1660 152 1690 Α
177 1666 269 1703 pars
295 1654 336 1690 in
362 1653 493 1702 laquei
520 1654 684 1691 sormam
712 1654 871 1690 redacta
899 1656 966 1690 est.
999 1653 1151 1689 Littera
1176 1657 1203 1689 Ξ
1229 1665 1305 1689 uno
1331 1655 1464 1689 tenore

124 1714 182 1751 ita
202 1712 359 1760 depicta
380 1715 448 1759 est,
476 1714 520 1748 ut
539 1712 803 1749 sinistrorsum
827 1724 938 1749 arcus
963 1714 1152 1760 spectent,
1172 1717 1203 1748 Ψ
1225 1713 1348 1748 crucis
1370 1710 1463 1760 figu-

124 1785 209 1819 ram
234 1773 437 1809 monstrat.
474 1771 716 1819 Frequenter
742 1774 873 1807 autem
900 1770 1057 1807 litterae
1083 1770 1186 1807 inter
1211 1782 1250 1807 se
1277 1769 1464 1818 colligan-

125 1833 191 1868 tur
214 1830 449 1867 transversis
478 1830 591 1866 lineis
618 1842 750 1867 earum
778 1842 877 1877 quae
905 1832 998 1865 sunt
1025 1834 1051 1865 Γ
1073 1833 1104 1865 Τ
1125 1833 1164 1865 Π
1187 1834 1213 1864 Η
1237 1832 1261 1865 Ε
1283 1833 1312 1865 Θ
1342 1840 1465 1875 usque

127 1889 174 1926 ad
190 1889 409 1937 proximam
424 1889 597 1925 litteram
609 1888 820 1936 productis,
832 1888 870 1924 id
883 1888 988 1935 quod
1000 1887 1275 1936 perspicuitati
1289 1887 1467 1933 aliquan—

188 1980 220 2021 1)
245 1977 364 2011 Hodie
384 1978 620 2011 conservatur
640 1976 757 2010 tribus
779 1976 882 2009 vitris
903 1975 1057 2015 inclusa,
1079 1987 1233 2018 quarum
1247 1974 1366 2018 prima
1381 1974 1466 2016 Lyc.

127 2024 194 2059 col.
216 2023 380 2065 I—XVI,
413 2023 530 2058 altera
562 2023 650 2057 Eux.
673 2023 739 2058 col.
761 2022 1069 2063 XVII-XXXIV,
1104 2021 1214 2056 tertia
1244 2020 1312 2055 col.
1333 2019 1467 2054 XXXV

128 2071 285 2105 —XLIX
311 2070 580 2115 complectitur.

187 2121 221 2162 2)
242 2117 286 2152 cf.
302 2120 450 2162 praeter
464 2117 707 2161 Babingtonis
728 2116 927 2151 editionem
949 2115 1114 2160 singulas
1134 2115 1316 2157 imagines
1337 2115 1467 2158 photo-

129 2165 285 2209 typieas,
314 2175 407 2208 quae
433 2164 672 2198 inveniuntur
697 2163 793 2207 apud
821 2163 860 2196 E.
878 2166 917 2197 A.
934 2163 1036 2196 Bond
1063 2165 1100 2197 et
1126 2162 1164 2196 E.
1180 2162 1227 2196 M.
1244 2161 1467 2205 Thompson,

128 2212 191 2246 the
218 2211 546 2255 Palaeographical
573 2210 719 2254 Society
741 2209 953 2244 Facsimiles
980 2209 1022 2244 of
1038 2209 1283 2253 Manuscripts
1310 2208 1381 2242 and
1408 2207 1466 2241 In-

129 2258 325 2303 scriptions
350 2258 420 2292 vol.
441 2259 468 2301 Ι,
494 2258 651 2299 Nr.126‚
678 2258 714 2291 F.
731 2257 770 2291 G.
788 2257 952 2300 Kenyon,
980 2255 1260 2300 palaeography
1288 2255 1327 2288 of
1350 2254 1467 2289 Greek

130 2305 275 2350 Papyri,
301 2305 406 2339 Plato
434 2305 526 2339 XVI.
