1581 2484
37 171 81 194 XI

55 254 87 278 70

34 489 94 513 XM

49 923 79 947 71

113 45 195 86 124
574 48 814 81 ΑΠΟΣΠΑΣ
822 48 974 80 ΜΑΤΙΑ

446 153 537 195 XII.
574 153 730 195 ΠΡΟΣ
762 153 1102 197 ΔΑΜΙΠΠΟΝ.

166 236 232 278 66.
271 237 515 287 πρόεκληειε
548 236 572 289 ἡ
605 237 666 284 εἰς
698 237 980 291 δικαστήριον
1011 241 1179 292 κλῆσις,
1210 238 1281 279 καὶ
1312 253 1439 291 προε-

107 296 350 336 καλέεαεθαι
379 296 426 336 τὸ
458 294 777 349 παραγγέλλειν
808 297 870 344 εἰς
901 297 1043 350 δίκην·
1076 295 1367 351 Λημοσθένης
1393 297 1440 338 ἐν

106 358 165 407 τῷ
190 352 288 408 περὶ
315 360 391 395 τοῦ
414 352 581 407 Ἁγνίου
608 356 786 409 κλήρου,
806 353 893 395 ‘Tm
914 353 962 396 ἐν
987 361 1044 412 τῷ
1065 356 1172 410 πρὸς
1192 356 1439 408 Δάμιππον.

107 412 235 466 Hfflp'
540 470 653 512 XIII.
687 470 1004 513 AHAIAKOE.

163 553 213 594 ef.
240 553 358 593 Dem.
386 552 435 593 de
463 566 617 594 corona
650 555 674 604 ξ
705 553 805 607 1343
836 553 979 607 Biogr.
1005 554 1044 595 X
1077 557 1179 596 orat.
1210 570 1249 609 p.
1278 554 1362 596 850
1382 555 1437 609 Α,
1475 573 1489 598 5

104 611 396 666 Apollonvit.
417 610 566 652 Aesch.
587 627 625 665 p.
641 612 666 653 6
688 612 749 654 ed.
770 612 902 654 Blass.
918 612 1116 668 Hermog.
1132 613 1194 654 III
1214 629 1252 668 p.
1267 614 1364 667 243,
1385 615 1438 656 14

103 670 237 725 Rabe3
263 670 371 710 Max.
399 670 569 711 Plan.V
595 686 635 724 p.
656 671 741 712 482
763 670 848 722 W·
881 671 1088 726 Anonym.
1111 671 1192 713 VH
1221 688 1260 726 p.
1280 674 1335 714 26
1357 673 1438 726 W.‚

104 744 227 783 quem
248 730 386 769 locum
409 732 461 783 (v
478 744 605 783 supla
620 729 668 770 de
685 729 795 784 Hyp.
810 704 946 785 eloqu.
968 731 1090 772 iudic.
1105 734 1184 772 vet.
1199 730 1311 786 adn.)
1326 735 1437 773 reete

102 789 185 830 hue
204 788 331 828 refert
352 787 473 841 Bab.;
499 787 636 829 Anon.
658 786 826 843 Seguer.
847 789 973 843 τέχνη
1001 789 1088 843 ῥῆτ.
1116 792 1140 841 ξ
1161 790 1215 831 99
1245 789 1436 846 (Cornut.

103 847 163 888 ed.
186 845 373 887 Graeven
399 862 436 900 p.
463 846 547 902 19.)
573 846 709 887 Anon.
729 846 826 902 περὶ
857 847 992 897 ὕψους
1018 848 1086 903 34,
1106 848 1143 889 2.
1458 867 1490 891 ιο

161 905 227 946 67
255 907 420 953 λέγεται
441 907 520 957 γὰρ
541 920 617 956 την
635 906 755 956 Λητὼ
777 910 958 948 κυοῦεαν
979 909 1077 949 τοὺς
1098 911 1251 949 παῖδας
1273 909 1317 949 ἐκ
1331 910 1436 950 Διὸ(

103 965 345 1006 ελαύνεεθαι
372 965 456 1005 ὑπὸ
483 968 555 1015 τῆ(
575 965 707 1016 Ἥρα(
731 967 838 1006 κατὰ
863 968 1001 1007 πᾶεαν
1021 970 1099 1017 γῆν
1121 968 1186 1007 καὶ
1207 967 1435 1009 Θάλατταν·

101 1024 178 1073 ἤδη
208 1025 253 1064 δὲ
281 1024 411 1073 αὐτὴν
435 1025 724 1074 βαρυνομένην
751 1025 817 1065 καὶ
841 1024 1084 1075 ἀποροῡεαν
1112 1026 1248 1067 ἐλθεῖν
1277 1026 1334 1067 εἰ(
1360 1028 1435 1077 τὴν

101 1083 245 1132 χώραν
272 1084 347 1132 τὴν
374 1082 597 1133 ἡμετέραν,
632 1084 697 1123 καὶ
725 1085 840 1124 λῦεαι
874 1085 950 1133 τὴν
977 1084 1114 1134 ζώνην
1148 1084 1193 1126 ἐν
1219 1089 1277 1138 τῷ
1304 1085 1435 1139 τόπῳ,

101 1141 148 1181 ὃς
174 1144 250 1181 νῦν
277 1141 450 1191 Ζωετὴρ
478 1144 674 1182 καλεῖται.
720 1140 882 1195 Syrian.
910 1141 953 1182 in
979 1141 1179 1197 Hermog.
1200 1142 1261 1183 ed.
1281 1142 1397 1184 Rabe
1416 1142 1435 1184 I
1456 1160 1487 1185 15

101 1214 138 1252 p.
161 1200 213 1240 37
226 1214 296 1252 sq„
317 1198 427 1239 Max.
442 1199 616 1240 Planud.
626 1199 677 1253 V,
697 1200 794 1253 481,
813 1201 878 1253 10,
898 1200 1041 1242 Ioann.
1058 1200 1202 1243 S10.VI
1223 1202 1358 1255 9210
1368 1201 1434 1244 W.

99 1257 397 1299 Bekk.Anecd.
411 1258 586 1312 261,30.
619 1258 723 1299 adde
743 1258 915 1300 Aristid.
935 1260 955 1300 1
978 1275 1017 1314 p.
1036 1259 1114 1301 157
1132 1260 1274 1301 Dind.:
1307 1261 1433 1314 Λητώ

99 1331 144 1357 τε
170 1317 251 1370 γὰρ
279 1315 497 1370 λυσαμένη
517 1318 596 1370 τὴν
618 1318 755 1371 ζώνην
775 1316 822 1359 ἐν
846 1321 1043 1372 Ζωστῆρι
1064 1325 1138 1372 τῆς
1158 1318 1343 1373 Ἀττικῆς
1362 1318 1432 1361 καὶ

101 1379 286 1416 λιποῦσα
311 1376 390 1428 τὴν
416 1374 667 1427 ἐπωνυμίαν
692 1380 751 1431 τῷ
776 1378 914 1432 τόπῳ,
947 1377 1182 1431 βαδίζουσα
1208 1376 1274 1418 ἀεὶ
1301 1378 1361 1427 εἰς
1386 1378 1433 1419 τὸ

99 1434 205 1485 πρὸς
236 1433 311 1487 ἕω,
343 1439 417 1487 τῆς
444 1436 665 1487 Προνοίας
689 1433 871 1489 Ἀθηνᾶς
901 1435 1161 1489 ἡγουμένης,
1196 1434 1265 1477 ἀπ’
1296 1437 1428 1491 ἄκρας
1448 1454 1480 1479 20

99 1508 172 1545 της
191 1491 351 1533 Άττικῖ
343 1508 378 1545 25·
398 1492 582 1546 ἐπιβᾶσα
607 1500 694 1534 τῶν
714 1496 860 1547 νήσων
887 1495 947 1542 εἰς
967 1498 1119 1547 Δῆλον
1144 1496 1336 1548 καταίρει
1361 1494 1433 1536 καὶ

98 1552 228 1592 τίκτει
256 1551 308 1605 δὴ
334 1553 436 1600 τοὺς
461 1552 608 1603 θεούς,
640 1553 719 1604 τήν
745 1568 789 1593 τε
804 1551 1000 1606 Ἄρτεμιν
1025 1551 1096 1594 καὶ
1128 1554 1205 1595 τὸν
1229 1568 1433 1610 πατρωον

98 1608 282 1651 Λπόλλω
308 1616 359 1664 τῆ
390 1611 533 1663 πόλει,
566 1613 607 1651 et
639 1610 767 1652 schol.
794 1611 845 1651 ad
870 1610 910 1652 h
936 1611 979 1652 l.:
1017 1617 1146 1653 τοῦτο
1178 1610 1249 1653 και
1270 1610 1357 1653 Τπ.
1385 1611 1433 1654 ἐν

98 1683 154 1710 τω
176 1671 397 1725 Δηλιακώ,
424 1670 691 1722 βουλόμενος
718 1668 892 1719 δεῖξαι
879 1669 945 1711 ότι
970 1671 1018 1711 αἱ
1041 1676 1167 1724 νῆσοι
1193 1669 1323 1724 ἐγγύς
1349 1673 1431 1712 εἰσι

156 1808 198 1842 fr.
211 1815 248 1841 67
269 1808 386 1842 Anon.
401 1808 447 1841 ad
462 1808 631 1853 Hermog.
635 1809 701 1842 VII
721 1821 756 1853 p.
769 1812 836 1842 956
850 1810 923 1843 not.
929 1808 990 1844 W:
1013 1807 1031 1844 6
1040 1807 1117 1843 Τπ.
1121 1808 1308 1853 ,ὁρισθεὶς
1322 1810 1430 1855 ἐγκω-

96 1854 222 1898 μιάσαι
241 1855 306 1890 τὸν
314 1853 470 1890 Ἀπόλλω
491 1856 553 1889 καὶ
573 1856 620 1900 μὴ
641 1855 819 1900 δυνηθεὶς
836 1857 1070 1900 θεολογῆσοιι,
1091 1862 1154 1891 τοῦ
1169 1856 1293 1899 μύθου
1312 1856 1430 1900 ἀπήρ-

97 1904 181 1942 ξατο
201 1907 265 1936 τοῦ
291 1902 374 1945 περὶ
393 1901 459 1946 τὴν
479 1903 583 1945 Λητὼ
603 1901 844 1946 3528v714te'vov
865 1904 903 1937 ἐν
901 1908 964 1960 τῇ
985 1902 1102 1946 Δήλῳ,
1129 1904 1191 1937 καὶ
1211 1902 1430 1949 βουλόμενος

97 1949 213 1989 δεῖξαι
239 1950 277 1983 ἐκ
303 1951 462 1983 παλαιοῦ
488 1949 553 1993 τὴν
579 1947 686 1984 πόλιν
712 1947 855 1984 οἰκείαν
881 1946 976 1984 εἶναι
995 1948 1234 1992 Ἀπόλλωνος,
1255 1971 1297 1976 -
1324 1971 1366 1975 -
1393 1951 1428 1991 ἐξ

97 1994 394 2054 ὁμολογουμένων
413 1995 636 2039 πραγμάτων
657 1995 801 2039 ἤρξατο,
821 1996 1101 2041 ἀναλογούντων
1120 2000 1168 2042 τῷ
1187 1995 1294 2042 γένει,
1317 1996 1430 2042 λέγων

94 2040 184 2082 θεὸς
209 2041 274 2087 μὲν
299 2038 345 2086 ἦν
371 2043 429 2076 ἀεὶ
455 2043 517 2077 καὶ
542 2042 587 2076 τὰ
615 2042 704 2085 ἑξῆς.
755 2043 818 2077 sed
845 2043 936 2077 haec
966 2045 1153 2087 postrema
1185 2055 1228 2078 ex
1254 2043 1428 2088 Gregorio

95 2088 327 2123 Nazianzeno
353 2090 472 2133 pessita
499 2101 577 2124 esse
604 2090 867 2125 demonstravit
893 2090 928 2125 C.
949 2090 1057 2124 Fuhr.
1078 2090 1168 2124 Mus.
1190 2090 1257 2125 Rh.
1284 2056 1350 2132 41g
1360 2094 1426 2124 307

97 2135 173 2179 Syr.
185 2136 280 2170 Max.
296 2135 416 2171 Plana
439 2136 664 2196 βουλόμενος
683 2136 751 2182 γὰρ
773 2138 911 2176 ἐκεῖνος
931 2137 1048 2178 δεῖξαι
1066 2143 1143 2178 τοῖς
1150 2136 1364 2181 Ἀθηναίοις
1382 2136 1427 2171 τὰ

96 2182 134 2216 ἐν
154 2182 260 2228 Δήλῳ
282 2183 317 2224 ἐξ
337 2183 493 2227 ἀρχαιου
516 2196 596 2227 ιερα
622 2184 867 2227 προσήκοντα,
891 2185 1009 2227 πολλῷ
1036 2183 1207 2229 κέχρηται
1231 2186 1280 2230 τῷ
1306 2183 1425 2230 μύθῳ,

95 2228 206 2272 λέγων
227 2229 340 2269 οὕτως
358 2229 429 2264 κτὲ.
489 2237 523 2263 12
549 2229 642 2264 κατὰ
662 2236 730 2275 γῆν
750 2231 813 2265 καὶ
832 2230 927 2265 κατὰ
946 2220 1139 2265 θᾶλασσαν
1158 2231 1253 2265 Max.
1314 2237 1350 2264 18
1376 2231 1427 2270 εἰς

93 2275 159 2319 τὴν
178 2281 246 2320 γῆν
267 2277 389 2311 ἐλθεῖν
409 2276 480 2310 Ma.
532 2276 576 2311 de
596 2276 729 2312 Ioanne
751 2277 820 2312 Sic.
842 2278 887 2312 cf.
902 2277 1010 2320 Fuhs,
1030 2277 1131 2312 DLZ.
1155 2281 1256 2320 1893,
1277 2277 1342 2312 col.
1359 2281 1424 2312 969
