1581 2453
147 60 228 93 XVI
679 58 944 92 PRAEFATIO

206 169 350 207 nasalis
386 181 462 206 non
497 168 733 206 assimilatae
768 181 889 205 unum
925 170 1052 206 exstat
1086 168 1323 217 exemplum:
1360 181 1478 218 suffic*

148 238 240 277 ρωσι
265 227 316 275 Π,
338 229 403 264 27.

207 286 420 335 gutturalis
452 300 475 335 y
507 285 701 321 omittitur
730 285 770 321 in
801 295 984 334 γινωσκοι
1016 285 1061 331 V,
1090 285 1160 332 16;
1198 295 1477 335 αναγι-νωσκειν

148 343 220 391 ΙΙΙ,
241 345 292 381 28
319 343 387 390 IV,
409 345 445 391 2,
468 346 538 390 213
565 345 744 393 γινεσθαι
770 342 816 390 V,
838 345 903 379 21.

206 401 400 440 notandus
426 402 569 438 nasalis
596 401 635 437 in
661 402 897 450 επιλημπτον
923 401 1010 449 VII,
1032 402 1068 438 S.

209 475 229 497 ν
248 460 526 509 paragogicum
547 461 637 496 ante
656 459 828 496 vocalem
853 459 1061 508 diligenter
1085 460 1256 508 ponitur,
1281 459 1477 496 interdum

149 518 267 555 etiam
294 520 382 555 ante
409 520 686 555 consonantem
713 520 751 554 et
775 519 816 554 in
842 518 916 554 fine
943 518 1148 555 enuntiati.

205 577 286 613 iota
317 578 468 613 mutum
493 576 757 613 inconstanter
783 575 999 613 adhibetur.
1044 576 1320 613 Abundantiae
1346 575 1478 613 decem

146 635 225 671 fere
246 635 432 682 exempla,
456 647 500 671 ex
522 634 660 682 quibus
680 635 773 671 haec
794 635 1024 672 exscribam:
1051 648 1126 683 ειηι
1146 634 1175 681 Ι,
1190 635 1212 671 3
1234 634 1320 681 11,ss
1343 634 1409 681 ΧΙ,
1424 636 1471 671 11

146 703 312 741 ποιησωι
336 692 402 740 VI,
420 695 469 729 11
498 706 587 742 εγωι
611 692 720 739 VIII,
743 695 794 729 12
822 703 1025 744 απεχρηισε
1052 692 1140 739 VII,
1163 695 1227 730 18.

205 760 422 794 oon-eota.
473 755 699 794 Correctum
734 758 792 794 est
825 757 888 793 hic
922 758 1004 794 illic
1040 757 1087 793 ab
1122 757 1207 805 ipso
1243 757 1403 794 librario
1439 759 1478 794 et

147 817 287 862 quater
314 816 415 852 certe
443 811 507 863 (V,
531 817 579 851 11
615 814 661 861 X,
685 816 720 858 7,
743 816 793 852 15
829 815 911 862 XV,
934 811 1026 866 24),
1057 816 1223 853 forsitan
1250 817 1369 852 etiam
1395 828 1477 853 sae-

146 873 233 921 pius
266 872 313 909 ab
345 873 422 910 alio
454 873 626 920 homine,
659 874 726 921 qui
757 873 910 910 litteras
943 874 1109 911 minores
1141 875 1327 911 exaravit.
1380 873 1476 911 Con-

145 932 278 968 iuncta
312 933 443 968 autem
478 931 616 968 horum
648 943 764 979 opera
798 932 944 968 sactum
979 935 1054 979 est,
1090 933 1134 968 ut
1166 932 1307 969 menda
1341 935 1478 980 aperta

146 1000 268 1037 pauca
299 990 453 1026 tantum
484 990 630 1026 restent
661 989 771 1026 velut
803 988 901 1039 <οἶ>
932 987 1039 1027 ἄλλοι
1070 989 1210 1036 πάντες
1241 991 1328 1038 VII,
1355 992 1406 1028 16
1441 994 1478 1028 et

147 1044 350 1095 μέλλεκν>
377 1045 502 1097 λέγειν
527 1047 594 1094 ΧΙ,
614 1048 651 1084 4.

202 1113 337 1148 Aetas
366 1113 549 1148 librarii.
599 1111 656 1147 De
693 1113 822 1148 aetate
856 1112 1063 1149 voluminis
1099 1113 1266 1150 editores
1302 1114 1404 1150 inter
1439 1126 1478 1150 se

144 1169 400 1206 consentiunt.
447 1169 613 1206 Exstant
645 1169 747 1206 enim
778 1171 819 1205 111
851 1171 933 1207 eius
964 1173 1074 1220 tergo
1107 1171 1252 1219 scripta
1285 1172 1476 1219 quaedam

143 1227 288 1275 privati
327 1228 478 1276 generis
515 1226 650 1276 lingua
688 1227 933 1276 Aegyptiaea
972 1231 1173 1277 concepta,
1213 1242 1311 1277 quae
1349 1230 1477 1268 Ptole-

143 1297 339 1322 maeorum
362 1285 482 1322 aetati
502 1285 710 1322 tribuenda
730 1288 830 1323 sunt.
857 1286 984 1334 Ipsius
1003 1289 1131 1324 autem
1151 1288 1339 1325 orationis
1360 1289 1478 1337 scrip-

142 1346 232 1380 tura
258 1343 465 1381 secundum
493 1355 527 1380 a.
548 1342 635 1381 Chr.
663 1344 861 1381 saeculum
888 1345 1030 1383 diserte
1057 1341 1253 1396 indicat.1)

203 1400 397 1444 Quartum
414 1402 579 1449 denique
596 1402 790 1449 volumen,
810 1403 913 1450 quod
931 1404 1147 1441 orationem
1168 1404 1369 1442 funebrem
1389 1417 1478 1443 con-

143 1459 262 1508 tinet,
293 1472 393 1496 anno
429 1460 537 1496 1856
572 1460 620 1496 H.
648 1459 807 1497 Stobart
838 1461 1052 1498 Britannus
1085 1474 1129 1499 ex
1161 1464 1477 1512 peregrinatione

143 1517 387 1567 Aegyptiaca
417 1519 456 1555 in
490 1518 659 1566 patriam
692 1530 818 1555 secum
848 1520 995 1556 attulit.
1039 1520 1135 1557 Erat
1161 1522 1291 1558 autem
1317 1523 1412 1558 tunc
1437 1522 1477 1558 in

144 1575 364 1624 quindecim
399 1576 619 1624 fragmenta
653 1576 873 1624 discissum,
912 1590 1010 1626 quae
1043 1577 1110 1615 Oh.
1136 1578 1378 1627 Babington,
1416 1581 1478 1617 vir

144 1635 262 1671 etiam
289 1634 334 1670 de
360 1634 557 1671 volumine
583 1634 618 1671 A
644 1635 782 1672 eximie
809 1637 988 1682 meritus,
1020 1638 1102 1673 tam
1131 1637 1299 1674 feliciter
1323 1649 1475 1687 compo-

145 1691 233 1739 suit,
258 1694 304 1729 ut
328 1694 482 1740 praeter
507 1705 626 1729 unam
652 1693 955 1731 minutissimam
982 1695 1154 1742 quinque
1181 1695 1390 1733 evaderent
1410 1709 1474 1734 vo-

143 1750 301 1787 luminis
332 1752 462 1798 partes
488 1746 716 1802 maiores2),
748 1752 888 1799 quibus
920 1754 959 1790 in
988 1752 1161 1789 ordinem
1188 1754 1387 1792 collocatis
1418 1757 1475 1791 in-

143 1810 253 1857 teger
283 1809 361 1845 fere
394 1809 483 1845 inde
516 1810 563 1846 ab
595 1809 708 1846 initio
741 1822 863 1858 usque
895 1811 943 1848 ad
971 1811 1191 1848 columnam
1218 1812 1315 1849 XIII
1346 1814 1475 1850 textus

144 1866 383 1904 decurrebat.
429 1867 524 1904 Tum
552 1880 683 1905 omnes
709 1868 866 1906 chartae
899 1869 1099 1907 caeruleae
1132 1867 1406 1919 agglutinatae
1439 1874 1477 1909 et

205 1991 236 2032 1)
262 1989 308 2023 of.
335 1989 497 2034 Kenyon,
524 1989 804 2035 palaeography
829 2002 864 2035 p.
881 1995 937 2026 67.

202 2037 236 2079 2>
267 2035 321 2069 Ex
359 2036 414 2070 hie
454 2036 573 2080 prima
610 2038 647 2071 et
684 2038 861 2081 secunda,
900 2049 993 2081 quae
1028 2038 1132 2072 Blass
1172 2039 1379 2081 coniunxit,
1417 2051 1476 2074 co-

144 2081 307 2115 lumnam
332 2083 347 2115 1
379 2083 584 2126 continent,
616 2084 726 2118 tertia
759 2084 947 2118 columnas
972 2085 1004 2118 11
1016 2084 1090 2118 —V
1117 2087 1152 2119 et
1183 2088 1306 2120 sextae
1333 2089 1475 2130 partem

145 2128 332 2162 dexteram
369 2129 596 2173 inferiorem,
633 2132 765 2174 quarta
799 2133 923 2165 sextae
959 2132 1102 2175 partem
1136 2132 1311 2167 maiorem
1347 2135 1383 2167 et
1417 2145 1474 2168 co-

144 2174 289 2208 lumnas
308 2175 481 2218 VII-XI,
507 2176 638 2220 quinta
664 2177 849 2211 columnas
870 2177 935 2212 XII
956 2180 993 2212 et
1015 2178 1114 2221 XIII;
1141 2181 1251 2222 sexta,
1277 2190 1370 2223 quae
1396 2179 1475 2214 loco

146 2231 209 2255 suo
228 2222 355 2265 reponi
374 2233 445 2255 non
466 2222 540 2256 iam
565 2225 719 2266 poterat,
741 2224 934 2259 duodecim
954 2227 1099 2259 tantum
1119 2224 1262 2260 litteras
1283 2226 1474 2270 amplecti-

145 2269 201 2300 tur
226 2267 286 2312 (cf.
311 2280 344 2312 p.
363 2272 427 2302 113
454 2269 562 2313 adm).
