1581 2453
141 51 222 85 XIV
670 48 936 83 PRAEFATIO

144 162 316 198 animum
347 161 565 206 induceret,
596 172 682 197 cum
708 159 870 207 Kenyon
882 153 913 210 ¹)
945 159 1168 195 litterarum
1200 158 1345 195 formas
1376 158 1472 195 alias

143 220 403 257 Ptolemaicae
430 218 526 255 alias
552 219 673 255 aetati
692 218 890 253 Romanae
917 216 1118 265 assignans
1145 228 1190 253 ex
1210 215 1470 253 Herculanen-

143 280 245 315 sium
264 278 429 313 maxime
448 276 690 314 voluminum
711 276 1001 322 comparatione
1020 274 1146 322 primo
1167 286 1200 310 a.
1215 273 1301 311 Chr.
1318 275 1472 312 saeculo

144 349 229 373 eum
245 335 485 372 attribueret.
513 334 626 371 Talia
646 336 775 370 autem
798 332 940 369 iudicia
955 346 1000 369 ex
1014 333 1205 381 scriptura
1219 334 1258 369 et
1271 332 1471 381 orthogra-

144 394 237 442 phia
256 394 382 441 petita
408 392 581 441 ambigui
606 391 755 439 aliquid
780 391 921 427 habere
943 390 982 426 in
1002 391 1211 439 propatulo
1233 392 1302 428 est.
1333 391 1472 439 Itaque

145 454 233 489 uter
258 451 400 488 rectius
427 450 666 496 iudicaverit,
693 450 756 486 vix
783 451 991 497 quisquam
1018 450 1231 486 discernere
1257 448 1406 486 audeat.

205 510 378 546 Tertium
406 509 533 545 locum
553 507 703 545 obtinet
723 508 904 544 volumen
923 507 1148 544 Parisinum
1168 508 1337 545 numeris
1360 509 1467 546 9331

142 570 181 605 et
216 568 357 604 10438
394 568 608 615 signatum,
648 579 723 613 quo
759 566 981 602 continetur
1017 565 1142 603 oratio
1176 564 1271 603 κατὰ
1302 562 1470 615 Ἀθηνο-

142 624 277 676 γένους
291 622 356 661 A'.
391 624 435 661 Id
456 637 556 661 anno
580 625 689 661 1888
717 624 914 674 Eugenius
936 624 1147 672 Revillout,
1172 624 1299 661 Musei
1316 623 1472 673 Aegyp-

143 685 235 720 tiaci
272 683 507 731 Luparensis
545 685 636 719 tunc
673 683 859 730 temporis
897 682 1130 730 praefectus,
1168 695 1191 719 a
1227 684 1469 732 negotiatore

143 742 312 789 quodam
342 740 499 788 Graeco,
526 742 594 789 qui
625 740 665 776 in
695 740 874 790 Aegypto
904 741 1005 777 cirea
1031 740 1248 789 Panopolin
1274 743 1470 778 vetustam

142 800 447 848 hodiernumque
480 799 610 848 Sohag
646 799 869 847 habitabat,
902 799 1071 837 denariis
1105 797 1264 836 Gallicis
1297 799 1402 835 mille
1435 802 1474 837 et

144 858 365 908 quingentis
409 858 519 903 emit,
557 859 729 905 emptum
760 857 842 905 ipse
881 857 1045 905 evolvit,
1078 859 1180 894 inter
1218 857 1472 895 evolvendum

144 929 241 964 quae
282 916 449 964 plurima
489 916 649 953 discissa
691 918 803 952 erant
842 916 1064 965 fragmenta
1098 928 1282 966 magnam
1318 918 1471 964 partem

143 977 225 1011 tam
253 976 432 1011 accurate
463 973 649 1023 reposuit,
673 976 719 1011 ut
743 976 869 1011 totum
895 975 986 1021 fere,
1012 976 1202 1023 quantum
1231 975 1312 1011 eius
1339 986 1468 1022 super-

144 1035 244 1079 erat,
283 1033 331 1069 ad
365 1033 570 1081 pristinam
605 1032 869 1070 condicionem
900 1034 1109 1070 revocaret.
1160 1032 1268 1070 Idem
1301 1032 1469 1080 primum

144 1091 240 1128 duas
272 1091 487 1137 columnas,
524 1091 680 1127 tertiam
714 1091 861 1128 scilicet
891 1092 930 1127 et
962 1093 1142 1138 quartam
1175 1085 1346 1142 (1889),
1384 1090 1473 1127 dein

145 1151 268 1186 totam
288 1151 503 1186 orationem
524 1161 600 1185 una
620 1161 706 1185 cum
726 1149 1004 1186 commentario
1031 1149 1153 1186 edidit
1178 1144 1342 1201 (1892).
1377 1147 1473 1186 Cum

145 1210 274 1244 autem
300 1207 337 1243 in
358 1207 496 1244 studiis
520 1207 800 1256 Aegyptiarum
826 1208 1047 1245 litterarum
1074 1207 1123 1245 ad
1148 1207 1188 1245 id
1213 1209 1366 1255 tempus
1392 1219 1472 1244 ma-

145 1267 201 1315 gis
234 1268 408 1303 versatus
440 1268 540 1303 esset
572 1278 687 1313 quam
720 1266 972 1312 Graecarum,
1008 1266 1138 1302 ultimi
1172 1265 1317 1303 laboris
1350 1266 1473 1303 socios

145 1323 217 1360 sibi
243 1323 453 1372 assumpsit
477 1323 746 1361 Hermannum
773 1325 879 1362 Diels
907 1327 945 1362 et
970 1324 1210 1362 Fridericum
1229 1324 1353 1372 Blass,
1382 1336 1473 1371 quo-

145 1395 226 1418 rum
261 1383 475 1431 sagacitate
508 1383 654 1419 facturn
686 1384 760 1431 est,
794 1386 838 1420 ut
868 1379 1022 1431 plenior
1052 1382 1131 1419 iam
1163 1384 1202 1420 et
1233 1382 1474 1420 emendatior

146 1441 269 1476 altera
294 1440 413 1477 editio
438 1440 479 1476 in
504 1440 703 1488 publicum
729 1441 901 1489 prodiret
920 1435 1086 1492 (1892).
1118 1441 1340 1478 Adiunctae
1363 1442 1474 1478 erant

146 1499 333 1548 imagines
370 1498 645 1546 phototypicae
683 1500 855 1537 omnium
892 1500 1162 1537 columnarum
1200 1500 1238 1536 et
1278 1499 1473 1547 fragmen-

145 1558 285 1592 torum.
334 1556 498 1593 Doctam
523 1559 726 1604 praeterea
751 1560 789 1595 et
813 1558 1006 1607 insignem
1031 1559 1120 1605 post
1144 1559 1315 1605 priorem
1340 1557 1473 1595 Revil-

145 1614 246 1651 louti
265 1614 471 1651 editionem
492 1615 581 1651 huic
599 1616 765 1653 orationi
783 1629 940 1664 operam
961 1615 1123 1654 navavit
1141 1615 1295 1652 H.Weil
1309 1610 1475 1667 (1892),

146 1675 234 1720 post
247 1672 369 1709 eidem
383 1676 656 1710 recensuerunt
667 1675 733 1721 qui
745 1674 1051 1724 Philippideam:
1062 1673 1296 1711 Herwerden
1306 1668 1348 1723 (1
1357 1667 1474 1725 893),

146 1730 308 1778 Kenyon
334 1725 498 1781 (1893),
526 1731 638 1768 Blass
665 1726 829 1785 (1894),
856 1735 1101 1770 accesserunt
1125 1731 1231 1781 Vogt
1256 1725 1408 1783 (1894)
1435 1734 1474 1769 et

148 1788 315 1837 Wenger
343 1784 680 1840 (1903—1906).

150 1886 152 1889 s
203 1861 455 1895 Voluminis
474 1861 508 1895 P
528 1862 779 1905 descriptio.
812 1860 1003 1898 Volumen
1024 1861 1063 1897 et
1088 1860 1136 1897 ab
1157 1859 1270 1897 initio
1292 1862 1330 1896 et
1355 1871 1378 1896 a
1398 1859 1471 1896 fine

147 1916 328 1952 mutilum
354 1918 544 1964 quantum
568 1917 681 1954 hodie
712 1920 835 1955 restat
864 1919 1109 1968 longitudine
1136 1919 1194 1956 est
1218 1918 1332 1955 unius
1358 1919 1473 1954 metri

148 1976 186 2010 et
205 1973 368 2011 LXXIII
394 1975 472 2011 fere
495 1975 801 2024 centesimarum,
828 1976 1036 2014 altitudine
1056 1976 1188 2014 XXIII
1212 1977 1291 2013 fere
1312 1977 1471 2013 centesi-

147 2027 347 2083 marumfl)
384 2032 556 2081 Paginae
583 2028 682 2084 (sive
706 2031 927 2086 columnae)
954 2036 1096 2072 litteris
1121 2034 1293 2083 repletae
1318 2045 1474 2071 servan-

208 2167 239 2209 1)
264 2165 541 2210 Palaeography
568 2180 600 2210 p.
617 2171 670 2201 78.

206 2213 240 2255 ⁶2)
266 2212 501 2246 Conservatur
520 2215 693 2256 quattuor
710 2215 813 2249 vitris
840 2215 1033 2259 inclusum,
1060 2227 1215 2260 quorum
1233 2215 1392 2259 primum
1413 2215 1473 2259 (A)

148 2258 334 2292 columnas
365 2259 505 2301 I—XI‚
541 2261 739 2295 secundum
771 2262 826 2306 (B)
862 2262 1048 2297 columnas
1080 2262 1145 2296 XII
1176 2261 1251 2305 (Nr.
1274 2263 1404 2303 10438)
1436 2264 1473 2296 et
